,Date,MidPrice,LastPrice,Volume,BidPrice1,BidVolume1,AskPrice1,AskVolume1
0,8/20/18 9:30,3.2965,3.297,1548100,3.295,613500,3.298,4000
1,8/20/18 9:30,3.2975,3.299,1690800,3.296,4000,3.299,324100
2,8/20/18 9:30,3.298,3.297,2034500,3.297,31200,3.299,332100
3,8/20/18 9:30,3.298,3.296,2516000,3.297,31200,3.299,288400
4,8/20/18 9:30,3.2975,3.296,2587200,3.296,81100,3.299,327100
5,8/20/18 9:30,3.2975,3.296,2598000,3.296,70400,3.299,327100
6,8/20/18 9:30,3.2975,3.298,2601000,3.296,78700,3.299,327100
7,8/20/18 9:30,3.2975,3.298,2605000,3.296,78700,3.299,327100
8,8/20/18 9:30,3.2965,3.297,2771700,3.295,135700,3.298,10500
9,8/20/18 9:30,3.2965,3.297,2772900,3.295,135700,3.298,30500
10,8/20/18 9:30,3.2965,3.297,2772900,3.295,135700,3.298,35500
11,8/20/18 9:30,3.2965,3.297,2772900,3.295,136200,3.298,35500
12,8/20/18 9:30,3.2965,3.297,2772900,3.295,136200,3.298,35500
13,8/20/18 9:30,3.2965,3.297,2773100,3.295,136200,3.298,35500
14,8/20/18 9:30,3.297,3.297,2775200,3.296,10000,3.298,35400
15,8/20/18 9:30,3.2965,3.296,2780700,3.296,4500,3.297,49500
16,8/20/18 9:30,3.2965,3.295,2844600,3.296,3000,3.297,36400
17,8/20/18 9:30,3.2965,3.297,2845500,3.296,3000,3.297,38500
18,8/20/18 9:30,3.2965,3.297,2847200,3.296,4700,3.297,37000
19,8/20/18 9:30,3.2955,3.296,2851900,3.295,105000,3.296,4300
20,8/20/18 9:30,3.2965,3.297,3128700,3.297,653600,3.296,4300
21,8/20/18 9:30,3.2975,3.297,3133900,3.297,648600,3.298,45900
22,8/20/18 9:30,3.2975,3.298,3146400,3.297,100,3.298,33400
23,8/20/18 9:30,3.297,3.296,3167900,3.296,119300,3.298,33400
24,8/20/18 9:30,3.297,3.297,3178600,3.296,118700,3.298,33400
25,8/20/18 9:30,3.2975,3.297,3178600,3.297,39900,3.298,33400
26,8/20/18 9:30,3.2995,3.299,3621100,3.299,157500,3.3,467500
27,8/20/18 9:30,3.2995,3.299,3621100,3.299,157500,3.3,467500
28,8/20/18 9:30,3.2995,3.299,3656100,3.299,122500,3.3,467500
29,8/20/18 9:30,3.2995,3.299,3767700,3.299,10900,3.3,467500
30,8/20/18 9:30,3.2995,3.3,4083600,3.299,10900,3.3,151600
31,8/20/18 9:30,3.3015,3.301,4276200,3.301,107400,3.302,30000
32,8/20/18 9:30,3.3015,3.299,4296700,3.301,300000,3.302,30000
33,8/20/18 9:30,3.3015,3.301,4303900,3.301,292800,3.302,30000
34,8/20/18 9:30,3.3005,3.3,4305900,3.299,324100,3.302,30000
35,8/20/18 9:30,3.2995,3.3,4305900,3.299,324100,3.3,10000
36,8/20/18 9:30,3.2995,3.298,4347000,3.299,300000,3.3,10000
37,8/20/18 9:30,3.3,3.301,4371200,3.299,300000,3.301,28800
38,8/20/18 9:30,3.2995,3.301,4371200,3.298,342100,3.301,78800
39,8/20/18 9:30,3.2985,3.301,4371200,3.298,342100,3.299,1600
40,8/20/18 9:31,3.2995,3.3,4383300,3.3,676100,3.299,1600
41,8/20/18 9:31,3.2995,3.299,5064400,3.3,676100,3.299,45000
42,8/20/18 9:31,3.2985,3.298,5067500,3.298,339500,3.299,54100
43,8/20/18 9:31,3.2985,3.299,5068100,3.298,300000,3.299,53500
44,8/20/18 9:31,3.2985,3.299,5068100,3.298,300000,3.299,66500
45,8/20/18 9:31,3.2985,3.299,5100500,3.298,269600,3.299,64500
46,8/20/18 9:31,3.2995,3.299,5172000,3.299,96900,3.3,58000
47,8/20/18 9:31,3.2995,3.299,5222500,3.299,394400,3.3,72500
48,8/20/18 9:31,3.2995,3.299,5302500,3.299,14400,3.3,92500
49,8/20/18 9:31,3.2975,3.298,5319000,3.297,36800,3.298,900
50,8/20/18 9:31,3.2975,3.299,5550700,3.297,36800,3.298,900
51,8/20/18 9:31,3.298,3.299,5550700,3.297,36800,3.299,63600
52,8/20/18 9:31,3.2985,3.298,5552700,3.298,100,3.299,103500
53,8/20/18 9:31,3.2985,3.299,5554200,3.298,100,3.299,102000
54,8/20/18 9:31,3.2985,3.297,5575200,3.298,2000,3.299,107000
55,8/20/18 9:31,3.2975,3.298,5578200,3.297,18900,3.298,42000
56,8/20/18 9:31,3.2965,3.297,5621800,3.296,123700,3.297,40000
57,8/20/18 9:31,3.2965,3.297,5626400,3.296,123700,3.297,35400
58,8/20/18 9:31,3.2965,3.297,5633300,3.296,123700,3.297,68500
59,8/20/18 9:31,3.2965,3.297,5633700,3.296,123700,3.297,68100
60,8/20/18 9:31,3.2965,3.297,5639600,3.296,123700,3.297,65300
61,8/20/18 9:31,3.2965,3.297,5641600,3.296,123700,3.297,63300
62,8/20/18 9:31,3.2965,3.296,5671600,3.296,93700,3.297,66300
63,8/20/18 9:31,3.2955,3.296,5765300,3.295,92900,3.296,70000
64,8/20/18 9:31,3.2955,3.296,5765400,3.295,92900,3.296,72500
65,8/20/18 9:31,3.2945,3.295,5861300,3.294,10200,3.295,37000
66,8/20/18 9:31,3.2945,3.295,5894600,3.294,10200,3.295,9500
67,8/20/18 9:31,3.2945,3.295,5894600,3.294,10200,3.295,9500
68,8/20/18 9:31,3.294,3.296,5968600,3.292,378900,3.296,88300
69,8/20/18 9:31,3.294,3.296,5968600,3.292,378900,3.296,58300
70,8/20/18 9:31,3.294,3.295,5968900,3.293,20900,3.295,18600
71,8/20/18 9:31,3.294,3.295,5969100,3.293,21900,3.295,18400
72,8/20/18 9:31,3.2945,3.292,5999100,3.294,60000,3.295,18400
73,8/20/18 9:31,3.2945,3.294,6001200,3.294,59900,3.295,28400
74,8/20/18 9:31,3.2945,3.294,6033400,3.294,27700,3.295,57400
75,8/20/18 9:31,3.293,3.292,6091100,3.292,36300,3.294,48000
76,8/20/18 9:31,3.293,3.294,6092900,3.292,38000,3.294,109800
77,8/20/18 9:31,3.293,3.294,6092900,3.292,38000,3.294,110400
78,8/20/18 9:31,3.293,3.294,6123000,3.292,41000,3.294,219300
79,8/20/18 9:31,3.2935,3.292,6133000,3.293,10000,3.294,214300
80,8/20/18 9:32,3.2935,3.294,6163000,3.293,10000,3.294,184300
81,8/20/18 9:32,3.2925,3.293,6173000,3.292,36000,3.293,40000
82,8/20/18 9:32,3.2925,3.293,6188800,3.292,32900,3.293,39100
83,8/20/18 9:32,3.2915,3.292,6221700,3.291,12500,3.292,57100
84,8/20/18 9:32,3.2915,3.292,6221700,3.291,12500,3.292,61400
85,8/20/18 9:32,3.2915,3.292,6221700,3.291,12500,3.292,174800
86,8/20/18 9:32,3.2915,3.292,6223200,3.291,12500,3.292,173300
87,8/20/18 9:32,3.2915,3.291,6226200,3.291,9500,3.292,173300
88,8/20/18 9:32,3.2915,3.291,6227200,3.291,8500,3.292,143000
89,8/20/18 9:32,3.291,3.29,6239200,3.29,114400,3.292,143000
90,8/20/18 9:32,3.291,3.291,6254100,3.29,114400,3.292,138100
91,8/20/18 9:32,3.2915,3.292,6254600,3.291,10000,3.292,129400
92,8/20/18 9:32,3.2915,3.291,6270300,3.291,3500,3.292,121600
93,8/20/18 9:32,3.2915,3.291,6270300,3.291,303500,3.292,121600
94,8/20/18 9:32,3.2925,3.292,6441100,3.292,129200,3.293,27300
95,8/20/18 9:32,3.2935,3.292,6441100,3.293,100,3.294,153700
96,8/20/18 9:32,3.2935,3.292,6441100,3.293,100,3.294,141100
97,8/20/18 9:32,3.293,3.292,6441300,3.292,299900,3.294,141000
98,8/20/18 9:32,3.2905,3.291,6494400,3.29,414700,3.291,16700
99,8/20/18 9:32,3.2905,3.291,6511100,3.29,414700,3.291,16700
100,8/20/18 9:32,3.293,3.291,6515500,3.292,1000,3.294,94400
101,8/20/18 9:32,3.292,3.292,6516500,3.292,1000,3.292,60000
102,8/20/18 9:32,3.2915,3.292,6518200,3.291,167900,3.292,99900
103,8/20/18 9:32,3.2905,3.291,6691700,3.29,114700,3.291,34400
104,8/20/18 9:32,3.2905,3.29,6694400,3.29,114500,3.291,31900
105,8/20/18 9:32,3.2905,3.291,6701400,3.29,110500,3.291,28900
106,8/20/18 9:32,3.2905,3.291,6701900,3.29,110500,3.291,28400
107,8/20/18 9:32,3.2905,3.291,6701900,3.29,110500,3.291,28400
108,8/20/18 9:32,3.2915,3.292,6801800,3.291,95400,3.292,30400
109,8/20/18 9:32,3.2915,3.292,6801800,3.291,98500,3.292,2000
110,8/20/18 9:32,3.2915,3.291,6803800,3.291,96500,3.292,4100
111,8/20/18 9:32,3.2915,3.291,6803800,3.291,96500,3.292,4100
112,8/20/18 9:32,3.2915,3.291,6833800,3.291,97100,3.292,4100
113,8/20/18 9:32,3.2915,3.291,6841800,3.291,104100,3.292,304100
114,8/20/18 9:32,3.2915,3.292,6842700,3.291,124100,3.292,23200
115,8/20/18 9:32,3.2895,3.29,7087700,3.289,32000,3.29,62500
116,8/20/18 9:32,3.2895,3.29,7090700,3.289,32000,3.29,62500
117,8/20/18 9:32,3.29,3.29,7090700,3.289,32000,3.291,309000
118,8/20/18 9:32,3.29,3.291,7097100,3.289,52000,3.291,3600
119,8/20/18 9:32,3.29,3.291,7097100,3.289,52000,3.291,3600
120,8/20/18 9:33,3.2915,3.291,7105600,3.291,11500,3.292,38800
121,8/20/18 9:33,3.2915,3.291,7106600,3.291,10500,3.292,38800
122,8/20/18 9:33,3.2915,3.291,7109400,3.291,7700,3.292,38800
123,8/20/18 9:33,3.2905,3.291,7117100,3.29,10500,3.291,24100
124,8/20/18 9:33,3.2905,3.291,7119900,3.29,13200,3.291,23600
125,8/20/18 9:33,3.2905,3.291,7119900,3.29,23300,3.291,37800
126,8/20/18 9:33,3.2905,3.29,7124900,3.29,21300,3.291,37800
127,8/20/18 9:33,3.2905,3.29,7124900,3.29,21300,3.291,48800
128,8/20/18 9:33,3.2905,3.29,7124900,3.29,24300,3.291,48800
129,8/20/18 9:33,3.2905,3.29,7129800,3.29,19400,3.291,101400
130,8/20/18 9:33,3.2905,3.29,7133900,3.29,17400,3.291,100300
131,8/20/18 9:33,3.2905,3.29,7141900,3.29,10400,3.291,100300
132,8/20/18 9:33,3.2905,3.29,7148000,3.29,7300,3.291,164000
133,8/20/18 9:33,3.2905,3.289,7158000,3.29,1100,3.291,164000
134,8/20/18 9:33,3.2895,3.29,7166300,3.289,58300,3.29,93300
135,8/20/18 9:33,3.2915,3.291,7451500,3.291,14800,3.292,42800
136,8/20/18 9:33,3.2915,3.29,7486200,3.291,100,3.292,31400
137,8/20/18 9:33,3.2895,3.289,7498200,3.289,41100,3.29,10000
138,8/20/18 9:33,3.2895,3.289,7498200,3.289,41100,3.29,30000
139,8/20/18 9:33,3.2895,3.289,7498200,3.289,41100,3.29,30000
140,8/20/18 9:33,3.2895,3.289,7498200,3.289,41100,3.29,30000
141,8/20/18 9:33,3.2895,3.289,7498200,3.289,41100,3.29,30000
142,8/20/18 9:33,3.2895,3.29,7509600,3.289,41400,3.29,40700
143,8/20/18 9:33,3.2895,3.29,7509600,3.289,41400,3.29,40700
144,8/20/18 9:33,3.289,3.29,7572500,3.288,1009200,3.29,40500
145,8/20/18 9:33,3.2885,3.29,7572500,3.288,1009200,3.289,3000
146,8/20/18 9:33,3.2885,3.29,7572500,3.288,1009200,3.289,3000
147,8/20/18 9:33,3.2885,3.29,7572500,3.288,1009200,3.289,3000
148,8/20/18 9:33,3.2895,3.29,7587700,3.289,1200,3.29,28300
149,8/20/18 9:33,3.2895,3.29,7587700,3.289,2700,3.29,29200
150,8/20/18 9:33,3.2895,3.289,7608300,3.289,2100,3.29,9200
151,8/20/18 9:33,3.2895,3.29,7610400,3.289,2100,3.29,7100
152,8/20/18 9:33,3.2885,3.289,7614500,3.288,1009200,3.289,400
153,8/20/18 9:33,3.2885,3.289,7614500,3.288,1009200,3.289,3000
154,8/20/18 9:33,3.2895,3.289,7647000,3.289,8300,3.29,8100
155,8/20/18 9:33,3.2895,3.289,7647000,3.289,8300,3.29,8100
156,8/20/18 9:33,3.2895,3.289,7657200,3.289,10600,3.29,8100
157,8/20/18 9:33,3.2895,3.289,7658200,3.289,39600,3.29,8100
158,8/20/18 9:33,3.2895,3.289,7660000,3.289,37800,3.29,8100
159,8/20/18 9:33,3.2905,3.29,7681000,3.29,1900,3.291,10000
160,8/20/18 9:34,3.2905,3.288,7855900,3.29,1900,3.291,16200
161,8/20/18 9:34,3.2885,3.288,7855900,3.288,903200,3.289,1000
162,8/20/18 9:34,3.2895,3.29,7868800,3.29,7100,3.289,1000
163,8/20/18 9:34,3.2905,3.29,7868800,3.29,15300,3.291,16200
164,8/20/18 9:34,3.2905,3.29,7872200,3.29,16900,3.291,29500
165,8/20/18 9:34,3.2905,3.29,7878000,3.29,11100,3.291,29500
166,8/20/18 9:34,3.2895,3.289,7904300,3.289,21900,3.29,7800
167,8/20/18 9:34,3.2895,3.289,7904300,3.289,21900,3.29,7800
168,8/20/18 9:34,3.2895,3.289,7909100,3.289,19100,3.29,20800
169,8/20/18 9:34,3.2895,3.289,7911700,3.289,16500,3.29,20800
170,8/20/18 9:34,3.2895,3.29,7912000,3.289,16500,3.29,42500
171,8/20/18 9:34,3.2905,3.29,7954500,3.29,17500,3.291,34500
172,8/20/18 9:34,3.2905,3.291,7954800,3.29,17500,3.291,35400
173,8/20/18 9:34,3.2905,3.291,7955400,3.29,19900,3.291,34800
174,8/20/18 9:34,3.29,3.29,7975300,3.289,29500,3.291,34800
175,8/20/18 9:34,3.2895,3.289,7978300,3.289,26500,3.29,900000
176,8/20/18 9:34,3.2895,3.29,7986000,3.289,16100,3.29,892700
177,8/20/18 9:34,3.2895,3.289,7986100,3.289,16000,3.29,892700
178,8/20/18 9:34,3.2895,3.289,7986100,3.289,16000,3.29,892700
179,8/20/18 9:34,3.2895,3.289,7988200,3.289,13900,3.29,892700
180,8/20/18 9:34,3.2895,3.289,7988200,3.289,14900,3.29,894700
181,8/20/18 9:34,3.2895,3.289,7988200,3.289,17900,3.29,894700
182,8/20/18 9:34,3.2895,3.289,7992200,3.289,13900,3.29,896300
183,8/20/18 9:34,3.2895,3.289,7992200,3.289,22900,3.29,896300
184,8/20/18 9:34,3.2895,3.289,7993800,3.289,21800,3.29,896500
185,8/20/18 9:34,3.2895,3.29,8117000,3.289,21600,3.29,773500
186,8/20/18 9:34,3.2895,3.289,8222900,3.289,20000,3.29,690400
187,8/20/18 9:34,3.2895,3.289,8222900,3.289,20000,3.29,690400
188,8/20/18 9:34,3.2885,3.289,8245900,3.288,913200,3.289,344600
189,8/20/18 9:34,3.2885,3.289,8445900,3.288,913200,3.289,344600
190,8/20/18 9:34,3.2885,3.29,8490700,3.288,873200,3.289,1400
191,8/20/18 9:34,3.2885,3.289,8516700,3.288,873200,3.289,279000
192,8/20/18 9:34,3.2885,3.289,8516700,3.288,873200,3.289,361600
193,8/20/18 9:34,3.2885,3.288,9054200,3.288,337800,3.289,361500
194,8/20/18 9:34,3.2875,3.288,9392000,3.287,74100,3.288,282200
195,8/20/18 9:34,3.2875,3.288,9392000,3.287,77100,3.288,282200
196,8/20/18 9:34,3.2865,3.287,9469600,3.286,34000,3.287,222400
197,8/20/18 9:34,3.286,3.286,9503700,3.285,48000,3.287,222400
198,8/20/18 9:34,3.286,3.287,9504100,3.285,48000,3.287,301100
199,8/20/18 9:34,3.286,3.287,9504100,3.285,48000,3.287,301100
200,8/20/18 9:35,3.285,3.287,9571200,3.284,1800,3.286,300000
201,8/20/18 9:35,3.285,3.287,9571200,3.284,1800,3.286,300000
202,8/20/18 9:35,3.2835,3.287,9591300,3.283,500,3.284,1100
203,8/20/18 9:35,3.2835,3.287,9594300,3.283,500,3.284,1100
204,8/20/18 9:35,3.285,3.287,9594300,3.283,500,3.287,400000
205,8/20/18 9:35,3.2845,3.287,9594300,3.283,500,3.286,300000
206,8/20/18 9:35,3.2845,3.287,9594300,3.283,500,3.286,607000
207,8/20/18 9:35,3.284,3.286,9594500,3.283,500,3.285,300000
208,8/20/18 9:35,3.284,3.286,9598000,3.283,500,3.285,300000
209,8/20/18 9:35,3.284,3.285,9599500,3.283,500,3.285,298500
210,8/20/18 9:35,3.2835,3.285,9599500,3.283,10500,3.284,300000
211,8/20/18 9:35,3.2835,3.283,9600800,3.283,19200,3.284,300000
212,8/20/18 9:35,3.2845,3.283,9603000,3.283,18900,3.286,4900
213,8/20/18 9:35,3.2845,3.286,9607300,3.283,108600,3.286,4600
214,8/20/18 9:35,3.2835,3.283,9640900,3.283,82700,3.284,19900
215,8/20/18 9:35,3.2835,3.283,9640900,3.283,85700,3.284,19900
216,8/20/18 9:35,3.2835,3.284,9663000,3.283,69800,3.284,17800
217,8/20/18 9:35,3.2835,3.284,9663000,3.283,69800,3.284,17800
218,8/20/18 9:35,3.285,3.284,9707600,3.284,22800,3.286,2100
219,8/20/18 9:35,3.285,3.284,9707600,3.284,22800,3.286,2100
220,8/20/18 9:35,3.285,3.286,9708200,3.284,52800,3.286,1500
221,8/20/18 9:35,3.2855,3.286,9708200,3.285,20000,3.286,1500
222,8/20/18 9:35,3.2855,3.286,9708200,3.285,20000,3.286,1500
223,8/20/18 9:35,3.285,3.282,10008200,3.284,100,3.286,1500
224,8/20/18 9:35,3.2825,3.284,10008300,3.281,648200,3.284,9900
225,8/20/18 9:35,3.2825,3.284,10008300,3.281,648200,3.284,9900
226,8/20/18 9:35,3.2835,3.284,10011000,3.283,9200,3.284,7200
227,8/20/18 9:35,3.2835,3.281,10031000,3.283,9200,3.284,7200
228,8/20/18 9:35,3.283,3.284,10031100,3.282,23200,3.284,7100
229,8/20/18 9:35,3.283,3.284,10031100,3.282,28200,3.284,7100
230,8/20/18 9:35,3.283,3.282,10039700,3.282,25700,3.284,7100
231,8/20/18 9:35,3.285,3.284,10046800,3.284,2900,3.286,16500
232,8/20/18 9:35,3.285,3.283,10063700,3.284,18000,3.286,316500
233,8/20/18 9:35,3.285,3.283,10063700,3.284,18000,3.286,21500
234,8/20/18 9:35,3.2845,3.286,10223700,3.284,33100,3.285,2100
235,8/20/18 9:35,3.2845,3.286,10223700,3.284,33100,3.285,2100
236,8/20/18 9:35,3.2845,3.284,10232800,3.284,24500,3.285,2100
237,8/20/18 9:35,3.2825,3.283,10258300,3.282,69700,3.283,14300
238,8/20/18 9:35,3.2825,3.283,10258400,3.282,77200,3.283,14200
239,8/20/18 9:35,3.2825,3.283,10258400,3.282,77200,3.283,14200
240,8/20/18 9:36,3.2825,3.283,10258700,3.282,80200,3.283,13900
241,8/20/18 9:36,3.2825,3.283,10259100,3.282,80200,3.283,13500
242,8/20/18 9:36,3.2825,3.283,10259100,3.282,80200,3.283,13500
243,8/20/18 9:36,3.2825,3.283,10259200,3.282,80200,3.283,13400
244,8/20/18 9:36,3.2835,3.283,10272600,3.283,3300,3.284,4000
245,8/20/18 9:36,3.2835,3.283,10272600,3.283,3300,3.284,4000
246,8/20/18 9:36,3.2835,3.283,10292600,3.283,44700,3.284,4000
247,8/20/18 9:36,3.2835,3.284,10295600,3.283,55800,3.284,1000
248,8/20/18 9:36,3.284,3.284,10295600,3.283,98900,3.285,354000
249,8/20/18 9:36,3.284,3.283,10296100,3.283,102200,3.285,354000
250,8/20/18 9:36,3.284,3.283,10296100,3.283,103600,3.285,354000
251,8/20/18 9:36,3.284,3.283,10296100,3.283,403600,3.285,354000
252,8/20/18 9:36,3.2855,3.285,10651600,3.285,38500,3.286,27300
253,8/20/18 9:36,3.286,3.286,10718900,3.285,88600,3.287,120300
254,8/20/18 9:36,3.2875,3.287,10839200,3.287,40000,3.288,9700
255,8/20/18 9:36,3.2875,3.287,10841100,3.287,38100,3.288,29700
256,8/20/18 9:36,3.288,3.287,10900800,3.287,38600,3.289,100
257,8/20/18 9:36,3.288,3.287,10904100,3.287,35300,3.289,100
258,8/20/18 9:36,3.288,3.287,10904100,3.287,35300,3.289,100
259,8/20/18 9:36,3.2865,3.287,10939400,3.286,341300,3.287,164700
260,8/20/18 9:36,3.2865,3.288,11114200,3.286,341300,3.287,164700
261,8/20/18 9:36,3.2885,3.288,11203700,3.288,40000,3.289,100
262,8/20/18 9:36,3.2895,3.289,11205100,3.289,79000,3.29,700
263,8/20/18 9:36,3.291,3.292,11230900,3.29,60000,3.292,52500
264,8/20/18 9:36,3.293,3.292,11285300,3.292,38100,3.294,94400
265,8/20/18 9:36,3.293,3.292,11285300,3.292,38100,3.294,94400
266,8/20/18 9:36,3.2925,3.292,11285300,3.292,38100,3.293,300
267,8/20/18 9:36,3.291,3.292,11323400,3.29,60000,3.292,168100
268,8/20/18 9:36,3.291,3.292,11323400,3.29,60000,3.292,168100
269,8/20/18 9:36,3.2895,3.29,11383700,3.289,380200,3.29,140000
270,8/20/18 9:36,3.2895,3.292,11545000,3.289,93000,3.29,140000
271,8/20/18 9:36,3.291,3.289,11930000,3.289,203000,3.293,300
272,8/20/18 9:36,3.2935,3.293,11945600,3.293,24700,3.294,94400
273,8/20/18 9:36,3.2935,3.293,11946300,3.293,29000,3.294,94400
274,8/20/18 9:36,3.2945,3.294,12060700,3.294,40200,3.295,28400
275,8/20/18 9:36,3.2955,3.295,12094100,3.295,40000,3.296,34000
276,8/20/18 9:36,3.2955,3.295,12094100,3.295,40000,3.296,34000
277,8/20/18 9:36,3.2955,3.295,12094100,3.295,40000,3.296,91700
278,8/20/18 9:36,3.2955,3.295,12128800,3.295,8300,3.296,91700
279,8/20/18 9:36,3.2965,3.297,12235500,3.296,40000,3.297,26600
280,8/20/18 9:37,3.2965,3.297,12235500,3.296,40000,3.297,26600
281,8/20/18 9:37,3.2965,3.297,12235500,3.296,40000,3.297,26600
282,8/20/18 9:37,3.2965,3.296,12243500,3.296,42500,3.297,21600
283,8/20/18 9:37,3.2975,3.297,12265100,3.297,45900,3.298,78300
284,8/20/18 9:37,3.2985,3.298,12343600,3.298,360000,3.299,14700
285,8/20/18 9:37,3.299,3.298,12408400,3.298,52000,3.3,18700
286,8/20/18 9:37,3.3005,3.3,12427100,3.3,40000,3.301,52100
287,8/20/18 9:37,3.3015,3.301,12479200,3.301,40000,3.302,63200
288,8/20/18 9:37,3.3015,3.301,12494500,3.301,324700,3.302,63200
289,8/20/18 9:37,3.3025,3.302,12557700,3.302,60000,3.303,62600
290,8/20/18 9:37,3.3035,3.303,12628700,3.303,237400,3.304,41300
291,8/20/18 9:37,3.3035,3.304,12658700,3.303,237400,3.304,11300
292,8/20/18 9:37,3.3035,3.304,12658700,3.303,300000,3.304,11300
293,8/20/18 9:37,3.3035,3.304,12658700,3.303,300600,3.304,11300
294,8/20/18 9:37,3.3035,3.304,12763400,3.303,10000,3.304,10800
295,8/20/18 9:37,3.303,3.302,12798900,3.302,83500,3.304,5800
296,8/20/18 9:37,3.3025,3.302,12798900,3.302,83500,3.303,12400
297,8/20/18 9:37,3.3025,3.303,12808400,3.302,82500,3.303,3900
298,8/20/18 9:37,3.303,3.304,12820300,3.302,81500,3.304,800
299,8/20/18 9:37,3.303,3.304,12820300,3.302,81500,3.304,800
300,8/20/18 9:37,3.304,3.303,12862100,3.303,23200,3.305,68800
301,8/20/18 9:37,3.304,3.303,12862100,3.303,23200,3.305,68800
302,8/20/18 9:37,3.3035,3.304,12877100,3.303,323200,3.304,179000
303,8/20/18 9:37,3.3035,3.304,12979100,3.303,323200,3.304,77000
304,8/20/18 9:37,3.3035,3.303,13007900,3.303,313200,3.304,79900
305,8/20/18 9:37,3.3035,3.304,13012400,3.303,313200,3.304,77400
306,8/20/18 9:37,3.3035,3.304,13012400,3.303,13200,3.304,87400
307,8/20/18 9:37,3.3035,3.304,13043900,3.303,23200,3.304,55900
308,8/20/18 9:37,3.3045,3.305,13124000,3.304,54000,3.305,948800
309,8/20/18 9:37,3.3045,3.303,13184700,3.304,54000,3.305,948800
310,8/20/18 9:37,3.302,3.303,13241800,3.301,34700,3.303,30600
311,8/20/18 9:37,3.302,3.303,13249800,3.301,10000,3.303,22600
312,8/20/18 9:37,3.302,3.303,13249800,3.301,10000,3.303,22600
313,8/20/18 9:37,3.302,3.303,13250300,3.301,310000,3.303,25500
314,8/20/18 9:37,3.3025,3.303,13250300,3.302,300000,3.303,25500
315,8/20/18 9:37,3.3025,3.303,13250300,3.302,300000,3.303,33200
316,8/20/18 9:37,3.302,3.303,13284400,3.301,300000,3.303,37700
317,8/20/18 9:37,3.3015,3.301,13434400,3.3,490500,3.303,45100
318,8/20/18 9:37,3.3015,3.303,13468400,3.3,490500,3.303,11100
319,8/20/18 9:37,3.3025,3.303,13468400,3.302,300000,3.303,16100
320,8/20/18 9:38,3.3035,3.304,13487500,3.303,283900,3.304,375400
321,8/20/18 9:38,3.3035,3.303,13500600,3.303,272400,3.304,348400
322,8/20/18 9:38,3.3035,3.304,13800700,3.303,4200,3.304,28400
323,8/20/18 9:38,3.3045,3.305,14129100,3.304,271600,3.305,657900
324,8/20/18 9:38,3.3045,3.305,14162400,3.304,294100,3.305,650900
325,8/20/18 9:38,3.3045,3.305,14562400,3.304,350000,3.305,250900
326,8/20/18 9:38,3.3045,3.304,14572400,3.304,940000,3.305,258500
327,8/20/18 9:38,3.3045,3.305,14572500,3.304,819000,3.305,258400
328,8/20/18 9:38,3.3055,3.305,14860900,3.305,311900,3.306,60300
329,8/20/18 9:38,3.3055,3.305,14861500,3.305,12300,3.306,60300
330,8/20/18 9:38,3.3035,3.304,14965800,3.303,5000,3.304,195700
331,8/20/18 9:38,3.3035,3.304,14968800,3.303,5000,3.304,192700
332,8/20/18 9:38,3.3035,3.304,14985800,3.303,20000,3.304,176500
333,8/20/18 9:38,3.3035,3.304,14986600,3.303,22800,3.304,178900
334,8/20/18 9:38,3.3035,3.303,15006600,3.303,2800,3.304,178900
335,8/20/18 9:38,3.3035,3.303,15006600,3.303,2800,3.304,178900
336,8/20/18 9:38,3.3025,3.303,15009400,3.302,305300,3.303,50200
337,8/20/18 9:38,3.3025,3.302,15039400,3.302,275300,3.303,50200
338,8/20/18 9:38,3.3015,3.302,15325500,3.301,5000,3.302,13900
339,8/20/18 9:38,3.3015,3.302,15325500,3.301,5000,3.302,13900
340,8/20/18 9:38,3.3015,3.301,15328600,3.301,11900,3.302,14900
341,8/20/18 9:38,3.3015,3.301,15328600,3.301,11900,3.302,24900
342,8/20/18 9:38,3.3015,3.301,15328600,3.301,11900,3.302,24900
343,8/20/18 9:38,3.3015,3.302,15336700,3.301,7900,3.302,20800
344,8/20/18 9:38,3.3005,3.301,15344600,3.3,186800,3.301,2100
345,8/20/18 9:38,3.3005,3.301,15344600,3.3,146800,3.301,2100
346,8/20/18 9:38,3.301,3.3,15405700,3.3,96700,3.302,13100
347,8/20/18 9:38,3.301,3.3,15405700,3.3,397600,3.302,21500
348,8/20/18 9:38,3.3035,3.303,15592800,3.303,202900,3.304,218900
349,8/20/18 9:38,3.3035,3.303,15642800,3.303,154400,3.304,218900
350,8/20/18 9:38,3.3035,3.303,15692800,3.303,104400,3.304,218900
351,8/20/18 9:38,3.3035,3.303,15692800,3.303,104400,3.304,218900
352,8/20/18 9:38,3.301,3.302,15839200,3.3,702900,3.302,179600
353,8/20/18 9:38,3.301,3.302,15844600,3.3,702900,3.302,204200
354,8/20/18 9:38,3.3025,3.302,16057400,3.302,110200,3.303,5000
355,8/20/18 9:38,3.3025,3.301,16101400,3.302,110200,3.303,5000
356,8/20/18 9:38,3.3025,3.304,16151500,3.301,300000,3.304,164100
357,8/20/18 9:38,3.303,3.304,16151500,3.302,200,3.304,164100
358,8/20/18 9:38,3.3025,3.303,16151700,3.302,200,3.303,28000
359,8/20/18 9:38,3.3025,3.303,16151700,3.302,200,3.303,28000
360,8/20/18 9:39,3.3025,3.302,16161700,3.302,20900,3.303,73000
361,8/20/18 9:39,3.3025,3.302,16161700,3.302,20900,3.303,73000
362,8/20/18 9:39,3.3045,3.304,16478500,3.304,33200,3.305,52200
363,8/20/18 9:39,3.3045,3.304,16479500,3.304,32200,3.305,52200
364,8/20/18 9:39,3.3045,3.304,16487400,3.304,24300,3.305,59200
365,8/20/18 9:39,3.3035,3.304,16511700,3.303,2000,3.304,40700
366,8/20/18 9:39,3.3035,3.304,16511700,3.303,602000,3.304,45700
367,8/20/18 9:39,3.3035,3.304,16511700,3.303,602000,3.304,45900
368,8/20/18 9:39,3.3045,3.304,16601800,3.304,16000,3.305,71800
369,8/20/18 9:39,3.3045,3.304,16601800,3.304,316000,3.305,86800
370,8/20/18 9:39,3.3055,3.305,16690600,3.305,377100,3.306,113200
371,8/20/18 9:39,3.3065,3.306,16803800,3.306,263900,3.307,329600
372,8/20/18 9:39,3.3065,3.306,16866300,3.306,297600,3.307,279500
373,8/20/18 9:39,3.3055,3.305,17466900,3.305,33300,3.306,581900
374,8/20/18 9:39,3.3045,3.304,18134900,3.304,27100,3.305,2300
375,8/20/18 9:39,3.3075,3.308,18467700,3.307,37300,3.308,420500
376,8/20/18 9:39,3.3075,3.308,18828700,3.307,26300,3.308,70500
377,8/20/18 9:39,3.3075,3.308,19128700,3.307,26300,3.308,670500
378,8/20/18 9:39,3.3075,3.307,19740700,3.307,14300,3.308,81000
379,8/20/18 9:39,3.3085,3.309,20340700,3.308,100,3.309,479600
380,8/20/18 9:39,3.3085,3.309,20647100,3.308,100,3.309,173600
381,8/20/18 9:39,3.3095,3.309,20820700,3.309,177600,3.31,48700
382,8/20/18 9:39,3.3095,3.309,20820700,3.309,177600,3.31,948700
383,8/20/18 9:39,3.3095,3.309,20821700,3.309,322100,3.31,948700
384,8/20/18 9:39,3.3105,3.31,20911400,3.31,1190000,3.311,14000
385,8/20/18 9:39,3.3115,3.311,20925900,3.311,285500,3.312,43500
386,8/20/18 9:39,3.312,3.311,20975400,3.311,294000,3.313,36000
387,8/20/18 9:39,3.312,3.311,20975400,3.311,1400,3.313,36000
388,8/20/18 9:39,3.3115,3.313,20980000,3.311,301400,3.312,21100
389,8/20/18 9:39,3.312,3.313,21001200,3.312,300000,3.312,21100
390,8/20/18 9:39,3.3125,3.312,21032200,3.312,270000,3.313,51400
391,8/20/18 9:39,3.3135,3.313,21083600,3.313,248600,3.314,631700
392,8/20/18 9:39,3.3135,3.314,21096100,3.313,245100,3.314,624700
393,8/20/18 9:39,3.3135,3.314,21406100,3.313,2000,3.314,314700
394,8/20/18 9:39,3.3135,3.313,21430400,3.313,1100,3.314,314700
395,8/20/18 9:39,3.314,3.315,22030400,3.313,1100,3.315,273900
396,8/20/18 9:39,3.312,3.313,22331500,3.311,3300,3.313,29000
397,8/20/18 9:39,3.3135,3.313,22360500,3.314,6600,3.313,29000
398,8/20/18 9:39,3.3145,3.314,22459000,3.314,208100,3.315,302500
399,8/20/18 9:39,3.313,3.314,22481000,3.312,600000,3.314,498500
400,8/20/18 9:40,3.313,3.312,22487700,3.312,2000,3.314,492100
401,8/20/18 9:40,3.3125,3.312,22487700,3.312,2000,3.313,500
402,8/20/18 9:40,3.313,3.313,22518200,3.313,200700,3.313,500
403,8/20/18 9:40,3.3135,3.314,22564300,3.313,164600,3.314,482100
404,8/20/18 9:40,3.3125,3.313,22777700,3.312,2000,3.313,805400
405,8/20/18 9:40,3.3125,3.312,22777800,3.312,1900,3.313,805400
406,8/20/18 9:40,3.3115,3.312,22827000,3.311,1300,3.312,7100
407,8/20/18 9:40,3.3115,3.313,22875300,3.311,300000,3.312,7100
408,8/20/18 9:40,3.3115,3.313,22875600,3.31,1382700,3.313,739200
409,8/20/18 9:40,3.3115,3.313,22875600,3.31,1382700,3.313,779200
410,8/20/18 9:40,3.3115,3.31,22910900,3.31,1379800,3.313,747200
411,8/20/18 9:40,3.3115,3.31,22910900,3.31,1379800,3.313,689700
412,8/20/18 9:40,3.3115,3.313,22914200,3.31,1379800,3.313,690200
413,8/20/18 9:40,3.311,3.31,22924200,3.31,1369800,3.312,37100
414,8/20/18 9:40,3.3105,3.31,23236200,3.31,1306400,3.311,3000
415,8/20/18 9:40,3.3125,3.312,23239700,3.312,11600,3.313,468300
416,8/20/18 9:40,3.3125,3.311,23267400,3.312,11600,3.313,467300
417,8/20/18 9:40,3.3105,3.311,23267400,3.31,1006400,3.311,3300
418,8/20/18 9:40,3.3105,3.31,23267700,3.31,1006200,3.311,3200
419,8/20/18 9:40,3.3105,3.31,23276700,3.31,997200,3.311,3200
420,8/20/18 9:40,3.312,3.313,23481700,3.311,2000,3.313,372000
421,8/20/18 9:40,3.312,3.313,23481700,3.311,2000,3.313,372000
422,8/20/18 9:40,3.311,3.312,23831700,3.31,699200,3.312,850000
423,8/20/18 9:40,3.3105,3.31,23844000,3.31,73300,3.311,2700
424,8/20/18 9:40,3.3095,3.31,23917300,3.309,303000,3.31,39800
425,8/20/18 9:40,3.3095,3.31,23917400,3.309,303000,3.31,39700
426,8/20/18 9:40,3.3095,3.31,23922900,3.309,303000,3.31,34200
427,8/20/18 9:40,3.3105,3.311,23958100,3.31,265800,3.311,14100
428,8/20/18 9:40,3.3105,3.308,24265000,3.31,265800,3.311,24500
429,8/20/18 9:40,3.309,3.308,24265000,3.308,300000,3.31,10200
430,8/20/18 9:40,3.3095,3.311,24456900,3.309,300000,3.31,10000
431,8/20/18 9:40,3.3105,3.311,24520000,3.31,200,3.311,22800
432,8/20/18 9:40,3.3105,3.31,24526500,3.31,200,3.311,42800
433,8/20/18 9:40,3.309,3.308,24530600,3.308,289900,3.31,8900
434,8/20/18 9:40,3.311,3.31,25531300,3.31,10300,3.312,303700
435,8/20/18 9:40,3.311,3.31,25531300,3.31,10300,3.312,303700
436,8/20/18 9:40,3.3105,3.308,25552700,3.31,318700,3.311,6000
437,8/20/18 9:40,3.3105,3.31,25582900,3.31,288700,3.311,24100
438,8/20/18 9:40,3.3125,3.312,25987300,3.312,505600,3.313,84100
439,8/20/18 9:40,3.3125,3.312,25997700,3.312,495300,3.313,84000
440,8/20/18 9:41,3.3125,3.312,26018700,3.312,474300,3.313,84000
441,8/20/18 9:41,3.312,3.312,26031100,3.311,100,3.313,84000
442,8/20/18 9:41,3.3105,3.311,26031200,3.31,399000,3.311,27800
443,8/20/18 9:41,3.3105,3.311,26031500,3.31,399000,3.311,40500
444,8/20/18 9:41,3.3105,3.311,26033100,3.31,398600,3.311,40400
445,8/20/18 9:41,3.3115,3.311,26087700,3.311,247400,3.312,548000
446,8/20/18 9:41,3.3115,3.312,26396500,3.311,302000,3.312,252200
447,8/20/18 9:41,3.3115,3.312,26426400,3.311,602000,3.312,222300
448,8/20/18 9:41,3.3125,3.312,26679400,3.312,77700,3.313,89000
449,8/20/18 9:41,3.3155,3.315,27432900,3.315,46500,3.316,75300
450,8/20/18 9:41,3.3155,3.315,27447900,3.315,31500,3.316,75300
451,8/20/18 9:41,3.3155,3.315,27449900,3.315,29500,3.316,75300
452,8/20/18 9:41,3.3155,3.315,27459900,3.315,19500,3.316,78300
453,8/20/18 9:41,3.3155,3.315,27459900,3.315,19500,3.316,78300
454,8/20/18 9:41,3.3155,3.315,27470100,3.315,9300,3.316,78300
455,8/20/18 9:41,3.314,3.315,27479400,3.313,300,3.315,400
456,8/20/18 9:41,3.314,3.316,27482400,3.313,300,3.315,400
457,8/20/18 9:41,3.3155,3.316,27482400,3.315,52000,3.316,80700
458,8/20/18 9:41,3.3165,3.316,27513100,3.316,224800,3.317,326600
459,8/20/18 9:41,3.3165,3.316,27513100,3.316,224800,3.317,317600
460,8/20/18 9:41,3.3165,3.316,27523100,3.316,214800,3.317,329500
461,8/20/18 9:41,3.3155,3.316,27739600,3.315,54500,3.316,38300
462,8/20/18 9:41,3.314,3.315,27832400,3.313,23300,3.315,336000
463,8/20/18 9:41,3.314,3.315,27832400,3.313,23300,3.315,1236000
464,8/20/18 9:41,3.314,3.315,27834200,3.313,23300,3.315,1254200
465,8/20/18 9:41,3.314,3.315,28414500,3.313,23300,3.315,73900
466,8/20/18 9:41,3.3135,3.314,28414800,3.313,23200,3.314,9900
467,8/20/18 9:41,3.3135,3.313,28414900,3.313,23100,3.314,29900
468,8/20/18 9:41,3.3135,3.313,28414900,3.313,23100,3.314,59900
469,8/20/18 9:41,3.3135,3.314,28417900,3.313,30500,3.314,57000
470,8/20/18 9:41,3.3115,3.312,28757600,3.311,1005000,3.312,560300
471,8/20/18 9:41,3.3115,3.312,28760600,3.311,1005000,3.312,566300
472,8/20/18 9:41,3.3115,3.312,28761300,3.311,1005000,3.312,565600
473,8/20/18 9:41,3.3115,3.312,28855700,3.311,1005000,3.312,471200
474,8/20/18 9:41,3.3115,3.312,28859200,3.311,1005000,3.312,487700
475,8/20/18 9:41,3.3115,3.312,28859200,3.311,1005000,3.312,487700
476,8/20/18 9:41,3.3115,3.312,28860200,3.311,1005000,3.312,529500
477,8/20/18 9:41,3.3115,3.312,28950600,3.311,1005000,3.312,439100
478,8/20/18 9:41,3.3115,3.312,28963000,3.311,1005000,3.312,426700
479,8/20/18 9:41,3.3115,3.312,28964900,3.311,1005000,3.312,424800
480,8/20/18 9:42,3.3115,3.311,28978200,3.311,991700,3.312,424800
481,8/20/18 9:42,3.3115,3.311,28981600,3.311,988300,3.312,424800
482,8/20/18 9:42,3.3115,3.311,28986600,3.311,984300,3.312,424900
483,8/20/18 9:42,3.3115,3.312,28991600,3.311,985300,3.312,424900
484,8/20/18 9:42,3.3115,3.312,29021600,3.311,985300,3.312,394900
485,8/20/18 9:42,3.3115,3.312,29021600,3.311,985300,3.312,411900
486,8/20/18 9:42,3.3115,3.311,29042500,3.311,965300,3.312,402000
487,8/20/18 9:42,3.3115,3.312,29093200,3.311,964700,3.312,351900
488,8/20/18 9:42,3.3115,3.311,29110200,3.311,947700,3.312,351900
489,8/20/18 9:42,3.3115,3.312,29415800,3.311,947700,3.312,46300
490,8/20/18 9:42,3.313,3.312,29484600,3.312,855200,3.314,67900
491,8/20/18 9:42,3.313,3.312,29517600,3.312,843200,3.314,67900
492,8/20/18 9:42,3.3135,3.313,29535600,3.313,289600,3.314,67900
493,8/20/18 9:42,3.3135,3.312,29538200,3.313,289600,3.314,67800
494,8/20/18 9:42,3.313,3.312,29538200,3.312,234000,3.314,83200
495,8/20/18 9:42,3.313,3.312,29538200,3.312,514600,3.314,83200
496,8/20/18 9:42,3.313,3.312,29538200,3.312,514600,3.314,83200
497,8/20/18 9:42,3.313,3.314,29599200,3.312,814600,3.314,17200
498,8/20/18 9:42,3.3135,3.314,29599200,3.313,300000,3.314,17200
499,8/20/18 9:42,3.3155,3.315,29775300,3.315,171500,3.316,123100
500,8/20/18 9:42,3.3165,3.316,29932300,3.316,163000,3.317,50000
501,8/20/18 9:42,3.3165,3.315,29973900,3.316,163000,3.317,16000
502,8/20/18 9:42,3.316,3.315,29984100,3.315,303800,3.317,16000
503,8/20/18 9:42,3.3175,3.317,30000100,3.317,34100,3.318,105800
504,8/20/18 9:42,3.3175,3.317,30000100,3.317,34100,3.318,105800
505,8/20/18 9:42,3.3175,3.317,30000300,3.317,33900,3.318,405800
506,8/20/18 9:42,3.3165,3.317,30046000,3.316,6000,3.317,350800
507,8/20/18 9:42,3.3165,3.317,30046000,3.316,6000,3.317,360800
508,8/20/18 9:42,3.3165,3.317,30046100,3.316,6000,3.317,376800
509,8/20/18 9:42,3.3165,3.317,30051300,3.316,6000,3.317,375200
510,8/20/18 9:42,3.3155,3.315,30071300,3.315,36000,3.316,22700
511,8/20/18 9:42,3.3155,3.317,30121300,3.315,36000,3.316,22700
512,8/20/18 9:42,3.316,3.317,30221300,3.315,36000,3.317,268900
513,8/20/18 9:42,3.316,3.317,30222300,3.315,36000,3.317,275900
514,8/20/18 9:42,3.3155,3.317,30222300,3.315,36000,3.316,23200
515,8/20/18 9:42,3.3155,3.316,30228300,3.315,36000,3.316,17200
516,8/20/18 9:42,3.3155,3.316,30248500,3.315,26000,3.316,10000
517,8/20/18 9:42,3.3155,3.316,30248500,3.315,26000,3.316,15000
518,8/20/18 9:42,3.3155,3.316,30249700,3.315,26000,3.316,19100
519,8/20/18 9:42,3.3155,3.316,30250200,3.315,26000,3.316,25600
520,8/20/18 9:43,3.3155,3.316,30258400,3.315,26000,3.316,17400
521,8/20/18 9:43,3.3145,3.315,30289400,3.314,5000,3.315,29100
522,8/20/18 9:43,3.3135,3.315,30301200,3.312,76000,3.315,38500
523,8/20/18 9:43,3.3135,3.315,30301200,3.312,76000,3.315,48600
524,8/20/18 9:43,3.3145,3.315,30313100,3.314,10000,3.315,36700
525,8/20/18 9:43,3.3145,3.314,30313300,3.314,9800,3.315,136700
526,8/20/18 9:43,3.313,3.314,30323100,3.312,76000,3.314,300
527,8/20/18 9:43,3.313,3.315,30373200,3.312,76000,3.314,300
528,8/20/18 9:43,3.3135,3.315,30377200,3.312,375800,3.315,136800
529,8/20/18 9:43,3.3135,3.315,30377200,3.312,77300,3.315,136800
530,8/20/18 9:43,3.313,3.314,30391500,3.312,77300,3.314,5700
531,8/20/18 9:43,3.313,3.312,30416500,3.312,57300,3.314,700
532,8/20/18 9:43,3.3135,3.312,30427200,3.312,48500,3.315,118800
533,8/20/18 9:43,3.3135,3.312,30427200,3.312,48500,3.315,118800
534,8/20/18 9:43,3.3125,3.312,30427200,3.312,51700,3.313,305000
535,8/20/18 9:43,3.3115,3.311,30489000,3.311,1040100,3.312,30000
536,8/20/18 9:43,3.3115,3.313,30523300,3.311,1040700,3.312,300000
537,8/20/18 9:43,3.3115,3.312,30528300,3.311,1040700,3.312,315000
538,8/20/18 9:43,3.3105,3.311,31584600,3.31,47200,3.311,24400
539,8/20/18 9:43,3.3105,3.311,31584600,3.31,47200,3.311,1244400
540,8/20/18 9:43,3.309,3.31,31640500,3.308,8800,3.31,71500
541,8/20/18 9:43,3.307,3.304,31666500,3.304,597500,3.31,69500
542,8/20/18 9:43,3.3075,3.304,31666500,3.305,300000,3.31,69500
543,8/20/18 9:43,3.308,3.31,31736000,3.305,300000,3.311,49400
544,8/20/18 9:43,3.3075,3.31,31736100,3.304,600000,3.311,49400
545,8/20/18 9:43,3.3105,3.31,31756000,3.31,49600,3.311,349400
546,8/20/18 9:43,3.3105,3.31,31756000,3.31,49600,3.311,49400
547,8/20/18 9:43,3.3105,3.31,31756000,3.31,49600,3.311,29400
548,8/20/18 9:43,3.3105,3.31,31763500,3.31,42100,3.311,329900
549,8/20/18 9:43,3.3075,3.31,31805600,3.305,20300,3.31,340000
550,8/20/18 9:43,3.3075,3.31,31875100,3.305,24000,3.31,270500
551,8/20/18 9:43,3.307,3.304,31974600,3.304,594000,3.31,201000
552,8/20/18 9:43,3.307,3.31,32064100,3.304,600000,3.31,114500
553,8/20/18 9:43,3.3075,3.305,32087100,3.305,277000,3.31,117600
554,8/20/18 9:43,3.3075,3.31,32156600,3.305,297000,3.31,49000
555,8/20/18 9:43,3.3075,3.305,32236500,3.305,286600,3.31,4500
556,8/20/18 9:43,3.307,3.31,32307800,3.305,286600,3.309,233300
557,8/20/18 9:43,3.307,3.31,32307800,3.305,306600,3.309,243500
558,8/20/18 9:43,3.307,3.309,32347800,3.306,1000,3.308,300000
559,8/20/18 9:43,3.307,3.308,32417300,3.306,1000,3.308,300000
560,8/20/18 9:44,3.3105,3.31,32468300,3.31,19700,3.311,371900
561,8/20/18 9:44,3.3105,3.306,32488500,3.31,19700,3.311,71900
562,8/20/18 9:44,3.308,3.306,32488500,3.306,3500,3.31,340000
563,8/20/18 9:44,3.3065,3.307,32561400,3.306,1100,3.307,49000
564,8/20/18 9:44,3.3065,3.31,32631200,3.306,1100,3.307,49000
565,8/20/18 9:44,3.3075,3.31,32701800,3.305,47000,3.31,216000
566,8/20/18 9:44,3.3085,3.31,32771800,3.307,8900,3.31,248500
567,8/20/18 9:44,3.3085,3.31,32821900,3.307,8900,3.31,198400
568,8/20/18 9:44,3.3095,3.31,32891400,3.309,1000,3.31,128900
569,8/20/18 9:44,3.3095,3.31,32891400,3.309,1000,3.31,102000
570,8/20/18 9:44,3.3085,3.307,32963900,3.307,6900,3.31,32500
571,8/20/18 9:44,3.3105,3.31,32996400,3.31,38300,3.311,35000
572,8/20/18 9:44,3.3105,3.31,33006500,3.31,28200,3.311,10600
573,8/20/18 9:44,3.3105,3.31,33007000,3.31,27700,3.311,10600
574,8/20/18 9:44,3.308,3.306,33074700,3.308,20000,3.308,28100
575,8/20/18 9:44,3.3085,3.308,33102800,3.308,40000,3.309,300
576,8/20/18 9:44,3.309,3.309,33177300,3.309,295000,3.309,300
577,8/20/18 9:44,3.3105,3.31,33619500,3.31,129500,3.311,10600
578,8/20/18 9:44,3.3105,3.31,33626700,3.31,191800,3.311,10600
579,8/20/18 9:44,3.3115,3.311,33639500,3.311,37800,3.312,102300
580,8/20/18 9:44,3.3115,3.31,33701000,3.311,37800,3.312,112300
581,8/20/18 9:44,3.311,3.31,33706000,3.31,65900,3.312,112300
582,8/20/18 9:44,3.311,3.31,33706000,3.31,65900,3.312,112300
583,8/20/18 9:44,3.3105,3.31,33706000,3.31,400,3.311,10000
584,8/20/18 9:44,3.309,3.31,33706500,3.308,40000,3.31,1000
585,8/20/18 9:44,3.309,3.31,33706900,3.308,40000,3.31,600
586,8/20/18 9:44,3.309,3.31,33707000,3.308,40000,3.31,2500
587,8/20/18 9:44,3.3095,3.311,33716900,3.308,40000,3.311,24200
588,8/20/18 9:44,3.3105,3.311,33716900,3.31,1000,3.311,24200
589,8/20/18 9:44,3.31,3.31,33718100,3.31,1000,3.31,39800
590,8/20/18 9:44,3.3095,3.309,33720200,3.309,8000,3.31,59800
591,8/20/18 9:44,3.3095,3.31,33750200,3.309,8000,3.31,40700
592,8/20/18 9:44,3.3095,3.309,33755200,3.309,4600,3.31,42700
593,8/20/18 9:44,3.3085,3.309,33759800,3.308,39900,3.309,40000
594,8/20/18 9:44,3.3085,3.309,33759800,3.308,39900,3.309,40000
595,8/20/18 9:44,3.3085,3.309,33759800,3.308,39900,3.309,40000
596,8/20/18 9:44,3.307,3.308,33799700,3.306,25300,3.308,143400
597,8/20/18 9:44,3.307,3.308,33799700,3.306,25300,3.308,196800
598,8/20/18 9:44,3.307,3.308,33799700,3.306,25300,3.308,264500
599,8/20/18 9:44,3.307,3.308,33799700,3.306,25300,3.308,264500
600,8/20/18 9:45,3.307,3.308,33801700,3.306,26800,3.308,262500
601,8/20/18 9:45,3.3075,3.308,33801800,3.307,300,3.308,262400
602,8/20/18 9:45,3.3085,3.309,34178500,3.308,152300,3.309,5300
603,8/20/18 9:45,3.3085,3.309,34178500,3.308,152300,3.309,5500
604,8/20/18 9:45,3.3125,3.312,34354600,3.312,12400,3.313,24600
605,8/20/18 9:45,3.3125,3.312,34354600,3.312,12400,3.313,24600
606,8/20/18 9:45,3.3125,3.312,34358500,3.312,8500,3.313,24600
607,8/20/18 9:45,3.3135,3.313,34385600,3.313,37500,3.314,150400
608,8/20/18 9:45,3.3135,3.312,34387300,3.313,37500,3.314,150400
609,8/20/18 9:45,3.313,3.312,34389000,3.312,5100,3.314,150400
610,8/20/18 9:45,3.312,3.31,34394400,3.31,300,3.314,123900
611,8/20/18 9:45,3.312,3.31,34394400,3.31,300300,3.314,132100
612,8/20/18 9:45,3.313,3.312,34415600,3.312,91100,3.314,132100
613,8/20/18 9:45,3.313,3.312,34425800,3.312,80900,3.314,132100
614,8/20/18 9:45,3.313,3.312,34425800,3.312,80900,3.314,132100
615,8/20/18 9:45,3.313,3.312,34425800,3.312,80900,3.314,132100
616,8/20/18 9:45,3.3125,3.312,34432800,3.312,75900,3.313,3000
617,8/20/18 9:45,3.3125,3.312,34432800,3.312,75900,3.313,23000
618,8/20/18 9:45,3.3115,3.312,34508700,3.311,206300,3.312,924100
619,8/20/18 9:45,3.3115,3.312,35397700,3.311,206200,3.312,35200
620,8/20/18 9:45,3.3125,3.313,35450800,3.312,112300,3.313,15100
621,8/20/18 9:45,3.313,3.314,35481700,3.312,432300,3.314,116800
622,8/20/18 9:45,3.3135,3.314,35481700,3.313,20000,3.314,116800
623,8/20/18 9:45,3.3135,3.314,35481700,3.313,20000,3.314,116800
624,8/20/18 9:45,3.3135,3.312,35600900,3.312,118000,3.315,100500
625,8/20/18 9:45,3.3135,3.312,35600900,3.312,118000,3.315,100500
626,8/20/18 9:45,3.3125,3.312,35604200,3.312,114700,3.313,100
627,8/20/18 9:45,3.3125,3.312,35604200,3.312,114700,3.313,20100
628,8/20/18 9:45,3.314,3.314,35627800,3.314,93200,3.314,300
629,8/20/18 9:45,3.3145,3.314,35627800,3.314,93700,3.315,100500
630,8/20/18 9:45,3.3145,3.315,35628100,3.314,143800,3.315,108200
631,8/20/18 9:45,3.3145,3.315,35628100,3.314,143800,3.315,108200
632,8/20/18 9:45,3.3145,3.314,35632100,3.314,291400,3.315,110200
633,8/20/18 9:45,3.3155,3.317,35884200,3.314,291400,3.317,1800
634,8/20/18 9:45,3.3155,3.314,35885200,3.314,201200,3.317,1800
635,8/20/18 9:45,3.3145,3.314,35885200,3.314,201200,3.315,5000
636,8/20/18 9:45,3.3155,3.316,35915300,3.315,15000,3.316,274900
637,8/20/18 9:45,3.3155,3.315,35980400,3.315,15000,3.316,274900
638,8/20/18 9:45,3.3145,3.315,36032100,3.314,199400,3.315,31700
639,8/20/18 9:45,3.3145,3.315,36032100,3.314,199400,3.315,31700
640,8/20/18 9:46,3.3145,3.314,36032300,3.314,199200,3.315,37400
641,8/20/18 9:46,3.3145,3.314,36032300,3.314,151600,3.315,337400
642,8/20/18 9:46,3.3145,3.315,36051900,3.314,151300,3.315,18100
643,8/20/18 9:46,3.3145,3.315,36051900,3.314,151300,3.315,28100
644,8/20/18 9:46,3.3155,3.315,36083000,3.315,79200,3.316,302000
645,8/20/18 9:46,3.3155,3.315,36162200,3.315,79200,3.316,302000
646,8/20/18 9:46,3.3135,3.314,36315500,3.313,100,3.314,448700
647,8/20/18 9:46,3.313,3.314,36366600,3.312,110400,3.314,437700
648,8/20/18 9:46,3.3125,3.313,36367000,3.312,251400,3.313,299600
649,8/20/18 9:46,3.3125,3.313,36403600,3.312,251400,3.313,563000
650,8/20/18 9:46,3.3125,3.313,36408500,3.312,251400,3.313,558100
651,8/20/18 9:46,3.3115,3.312,36659900,3.31,300,3.313,558100
652,8/20/18 9:46,3.311,3.312,36659900,3.31,400,3.312,300000
653,8/20/18 9:46,3.311,3.312,36659900,3.31,400,3.312,300000
654,8/20/18 9:46,3.311,3.312,36689900,3.31,400,3.312,80500
655,8/20/18 9:46,3.311,3.312,36689900,3.31,400,3.312,80500
656,8/20/18 9:46,3.3105,3.312,36689900,3.31,400,3.311,20000
657,8/20/18 9:46,3.3105,3.312,36689900,3.31,400,3.311,20000
658,8/20/18 9:46,3.3105,3.311,36690200,3.31,400,3.311,39700
659,8/20/18 9:46,3.3105,3.311,36690200,3.31,400,3.311,39700
660,8/20/18 9:46,3.3095,3.31,36690600,3.309,12000,3.31,1600
661,8/20/18 9:46,3.3095,3.31,36690600,3.309,12000,3.31,1600
662,8/20/18 9:46,3.3095,3.31,36690600,3.309,12000,3.31,1600
663,8/20/18 9:46,3.31,3.31,36692200,3.309,12000,3.311,49700
664,8/20/18 9:46,3.3105,3.311,36722900,3.31,1600,3.311,21500
665,8/20/18 9:46,3.3105,3.311,36722900,3.31,1600,3.311,21500
666,8/20/18 9:46,3.3105,3.311,36722900,3.31,1600,3.311,26000
667,8/20/18 9:46,3.3105,3.311,36722900,3.31,1600,3.311,26000
668,8/20/18 9:46,3.3105,3.311,36722900,3.31,1600,3.311,27900
669,8/20/18 9:46,3.3095,3.31,36724500,3.309,20000,3.31,1400
670,8/20/18 9:46,3.3095,3.311,36729100,3.309,19600,3.31,1400
671,8/20/18 9:46,3.3105,3.31,36748600,3.31,1400,3.311,127700
672,8/20/18 9:46,3.3105,3.31,36748600,3.31,3000,3.311,127700
673,8/20/18 9:46,3.3105,3.31,36748600,3.31,3000,3.311,129700
674,8/20/18 9:46,3.3095,3.31,36751600,3.309,19600,3.31,1024700
675,8/20/18 9:46,3.3095,3.31,36753300,3.309,19600,3.31,1023000
676,8/20/18 9:46,3.3095,3.31,36795400,3.309,19600,3.31,980900
677,8/20/18 9:46,3.3095,3.31,36795400,3.309,19600,3.31,980900
678,8/20/18 9:46,3.3095,3.309,36808100,3.309,7000,3.31,980900
679,8/20/18 9:46,3.3095,3.31,36809700,3.309,7000,3.31,979300
680,8/20/18 9:47,3.3085,3.309,36818300,3.308,20000,3.309,49000
681,8/20/18 9:47,3.3085,3.309,36818300,3.308,20000,3.309,49000
682,8/20/18 9:47,3.3085,3.309,36838300,3.308,20000,3.309,29000
683,8/20/18 9:47,3.3085,3.309,36839700,3.308,20000,3.309,27600
684,8/20/18 9:47,3.309,3.31,36922700,3.308,20000,3.31,935800
685,8/20/18 9:47,3.309,3.31,36922700,3.308,20000,3.31,935800
686,8/20/18 9:47,3.309,3.31,36922700,3.308,20000,3.31,935800
687,8/20/18 9:47,3.309,3.31,36972800,3.308,20000,3.31,885700
688,8/20/18 9:47,3.309,3.31,36972800,3.308,20000,3.31,1101100
689,8/20/18 9:47,3.307,3.308,36992800,3.306,55100,3.308,40000
690,8/20/18 9:47,3.307,3.308,36992800,3.306,55100,3.308,90100
691,8/20/18 9:47,3.307,3.308,36992800,3.306,55100,3.308,149800
692,8/20/18 9:47,3.307,3.308,36992800,3.306,55100,3.308,205400
693,8/20/18 9:47,3.307,3.308,36996100,3.306,55100,3.308,202100
694,8/20/18 9:47,3.307,3.308,36996100,3.306,67400,3.308,220400
695,8/20/18 9:47,3.307,3.308,36996100,3.306,67400,3.308,220400
696,8/20/18 9:47,3.3065,3.306,37002200,3.306,61300,3.307,311200
697,8/20/18 9:47,3.3065,3.307,37003200,3.306,61300,3.307,10200
698,8/20/18 9:47,3.3065,3.306,37005600,3.306,58900,3.307,310200
699,8/20/18 9:47,3.3065,3.306,37005600,3.306,58900,3.307,310200
700,8/20/18 9:47,3.3045,3.305,37145300,3.304,12900,3.305,223000
701,8/20/18 9:47,3.3045,3.305,37145300,3.304,12900,3.305,223000
702,8/20/18 9:47,3.3045,3.305,37145400,3.304,12900,3.305,522900
703,8/20/18 9:47,3.3055,3.305,37368300,3.305,300000,3.306,541400
704,8/20/18 9:47,3.3055,3.305,37368300,3.305,300000,3.306,261900
705,8/20/18 9:47,3.3055,3.305,37374300,3.305,294000,3.306,163000
706,8/20/18 9:47,3.3055,3.306,37375300,3.305,295000,3.306,166600
707,8/20/18 9:47,3.3055,3.306,37375300,3.305,295000,3.306,146600
708,8/20/18 9:47,3.3055,3.306,37375300,3.305,295000,3.306,456000
709,8/20/18 9:47,3.3055,3.306,37375300,3.305,295000,3.306,105900
710,8/20/18 9:47,3.3055,3.306,37375300,3.305,1000,3.306,405900
711,8/20/18 9:47,3.3055,3.305,37375500,3.305,800,3.306,405900
712,8/20/18 9:47,3.3055,3.305,37375500,3.305,523700,3.306,155900
713,8/20/18 9:47,3.3055,3.305,37375500,3.305,523700,3.306,161400
714,8/20/18 9:47,3.3055,3.306,37409100,3.305,524500,3.306,435800
715,8/20/18 9:47,3.3055,3.306,37409100,3.305,524500,3.306,485800
716,8/20/18 9:47,3.3055,3.305,37415100,3.305,518500,3.306,487400
717,8/20/18 9:47,3.3055,3.305,37415100,3.305,518500,3.306,467400
718,8/20/18 9:47,3.3055,3.305,37415100,3.305,518500,3.306,466900
719,8/20/18 9:47,3.3055,3.306,37459200,3.305,518500,3.306,422800
720,8/20/18 9:48,3.3055,3.305,37475900,3.305,501800,3.306,119700
721,8/20/18 9:48,3.3055,3.305,37475900,3.305,501800,3.306,419700
722,8/20/18 9:48,3.3055,3.305,37548700,3.305,431000,3.306,117700
723,8/20/18 9:48,3.3055,3.306,37554000,3.305,431000,3.306,112400
724,8/20/18 9:48,3.3055,3.305,37557100,3.305,458400,3.306,12400
725,8/20/18 9:48,3.3055,3.306,37559100,3.305,458400,3.306,10400
726,8/20/18 9:48,3.3055,3.305,37679800,3.305,339700,3.306,10400
727,8/20/18 9:48,3.306,3.307,37729900,3.305,339700,3.307,270500
728,8/20/18 9:48,3.306,3.307,37729900,3.305,33300,3.307,300000
729,8/20/18 9:48,3.306,3.307,37729900,3.305,33800,3.307,300000
730,8/20/18 9:48,3.3045,3.305,37763700,3.304,21900,3.305,48400
731,8/20/18 9:48,3.3025,3.303,37855200,3.302,31400,3.303,710100
732,8/20/18 9:48,3.3025,3.303,37855200,3.302,31400,3.303,710100
733,8/20/18 9:48,3.3025,3.303,38378100,3.302,31400,3.303,187200
734,8/20/18 9:48,3.302,3.301,38428200,3.301,320100,3.303,187200
735,8/20/18 9:48,3.302,3.303,38428900,3.301,20100,3.303,186500
736,8/20/18 9:48,3.3015,3.303,38429000,3.301,320100,3.302,2300
737,8/20/18 9:48,3.3015,3.301,38479100,3.301,271700,3.302,2300
738,8/20/18 9:48,3.302,3.303,38484900,3.301,1700,3.303,182900
739,8/20/18 9:48,3.302,3.303,38484900,3.301,1700,3.303,182900
740,8/20/18 9:48,3.3015,3.301,38486400,3.301,12800,3.302,1000
741,8/20/18 9:48,3.3025,3.302,38487400,3.302,11300,3.303,182900
742,8/20/18 9:48,3.3025,3.302,38487400,3.302,11300,3.303,182900
743,8/20/18 9:48,3.3035,3.305,38672800,3.302,11300,3.305,45400
744,8/20/18 9:48,3.3045,3.302,38683400,3.304,16000,3.305,45400
745,8/20/18 9:48,3.3045,3.302,38683400,3.304,16000,3.305,45400
746,8/20/18 9:48,3.3045,3.305,38696000,3.304,11000,3.305,37800
747,8/20/18 9:48,3.3045,3.304,38696600,3.304,10400,3.305,37800
748,8/20/18 9:48,3.304,3.303,38730600,3.303,162300,3.305,42800
749,8/20/18 9:48,3.304,3.303,38770200,3.303,124200,3.305,42800
750,8/20/18 9:48,3.304,3.303,38770200,3.303,124200,3.305,67200
751,8/20/18 9:48,3.304,3.303,38770200,3.303,124200,3.305,67200
752,8/20/18 9:48,3.3045,3.303,38770700,3.304,5000,3.305,72200
753,8/20/18 9:48,3.3045,3.303,38770700,3.304,5100,3.305,72200
754,8/20/18 9:48,3.3045,3.303,38770700,3.304,5100,3.305,72200
755,8/20/18 9:48,3.3045,3.303,38770700,3.304,5100,3.305,72200
756,8/20/18 9:48,3.3035,3.304,38775800,3.303,4500,3.304,45100
757,8/20/18 9:48,3.3035,3.304,38775800,3.303,4500,3.304,45100
758,8/20/18 9:48,3.3035,3.303,38824000,3.303,500,3.304,17600
759,8/20/18 9:48,3.3025,3.303,38824500,3.302,8700,3.303,1000
760,8/20/18 9:49,3.3025,3.303,38825500,3.302,11700,3.303,1000
761,8/20/18 9:49,3.3025,3.303,38829500,3.302,11700,3.303,40000
762,8/20/18 9:49,3.3025,3.303,38855700,3.302,11700,3.303,14300
763,8/20/18 9:49,3.3025,3.303,38855700,3.302,11700,3.303,14300
764,8/20/18 9:49,3.3025,3.303,38862000,3.302,11700,3.303,8000
765,8/20/18 9:49,3.3025,3.303,38862000,3.302,11700,3.303,8000
766,8/20/18 9:49,3.3025,3.303,38862200,3.302,11700,3.303,7800
767,8/20/18 9:49,3.3035,3.305,38912400,3.302,11600,3.305,643100
768,8/20/18 9:49,3.304,3.305,38912400,3.303,50000,3.305,343100
769,8/20/18 9:49,3.304,3.303,38913000,3.303,49400,3.305,343100
770,8/20/18 9:49,3.304,3.303,38913000,3.303,50400,3.305,43100
771,8/20/18 9:49,3.304,3.303,38914000,3.303,76300,3.305,343100
772,8/20/18 9:49,3.3045,3.305,38940100,3.304,600,3.305,17000
773,8/20/18 9:49,3.3045,3.303,38941100,3.304,600,3.305,17000
774,8/20/18 9:49,3.304,3.303,38941200,3.303,75800,3.305,17000
775,8/20/18 9:49,3.304,3.303,38941200,3.303,76800,3.305,17000
776,8/20/18 9:49,3.304,3.303,38941200,3.303,76800,3.305,17000
777,8/20/18 9:49,3.304,3.303,38941200,3.303,259700,3.305,17000
778,8/20/18 9:49,3.304,3.305,38952000,3.303,258900,3.305,7000
779,8/20/18 9:49,3.304,3.305,38952000,3.303,478600,3.305,7000
780,8/20/18 9:49,3.304,3.305,38952000,3.303,478600,3.305,7000
781,8/20/18 9:49,3.3045,3.305,38952000,3.304,3000,3.305,7000
782,8/20/18 9:49,3.3055,3.305,38959100,3.305,1200,3.306,9100
783,8/20/18 9:49,3.3055,3.305,38960300,3.305,1200,3.306,9100
784,8/20/18 9:49,3.3045,3.305,38960300,3.304,2900,3.305,800
785,8/20/18 9:49,3.3045,3.304,38960600,3.304,2600,3.305,800
786,8/20/18 9:49,3.3055,3.305,38961700,3.305,9000,3.306,9100
787,8/20/18 9:49,3.3055,3.304,38973800,3.305,9000,3.306,7000
788,8/20/18 9:49,3.3045,3.304,38974900,3.304,5500,3.305,3600
789,8/20/18 9:49,3.3045,3.303,39006100,3.304,5000,3.305,3600
790,8/20/18 9:49,3.3045,3.303,39006100,3.304,5000,3.305,3600
791,8/20/18 9:49,3.3045,3.303,39006100,3.304,5000,3.305,3600
792,8/20/18 9:49,3.3055,3.305,39009700,3.305,25300,3.306,7000
793,8/20/18 9:49,3.3055,3.305,39029700,3.305,5300,3.306,7000
794,8/20/18 9:49,3.3055,3.305,39029700,3.305,5300,3.306,7000
795,8/20/18 9:49,3.3055,3.305,39029700,3.305,5300,3.306,7000
796,8/20/18 9:49,3.3055,3.305,39031300,3.305,3800,3.306,7000
797,8/20/18 9:49,3.3055,3.305,39031300,3.305,3800,3.306,7000
798,8/20/18 9:49,3.3055,3.305,39031300,3.305,3800,3.306,7000
799,8/20/18 9:49,3.3055,3.305,39031300,3.305,5000,3.306,7000
800,8/20/18 9:50,3.3055,3.306,39032300,3.305,15000,3.306,16000
801,8/20/18 9:50,3.3055,3.306,39032300,3.305,15000,3.306,16000
802,8/20/18 9:50,3.3055,3.306,39032300,3.305,15000,3.306,17800
803,8/20/18 9:50,3.3055,3.306,39032300,3.305,15000,3.306,17800
804,8/20/18 9:50,3.3055,3.305,39032400,3.305,14900,3.306,40400
805,8/20/18 9:50,3.3055,3.306,39042500,3.305,4900,3.306,40300
806,8/20/18 9:50,3.3055,3.306,39072500,3.305,4900,3.306,1000
807,8/20/18 9:50,3.307,3.309,39122600,3.305,4900,3.309,322000
808,8/20/18 9:50,3.307,3.309,39122600,3.305,4900,3.309,322000
809,8/20/18 9:50,3.3075,3.309,39122600,3.306,10300,3.309,622000
810,8/20/18 9:50,3.3075,3.309,39122600,3.306,10300,3.309,622000
811,8/20/18 9:50,3.307,3.306,39122700,3.306,10200,3.308,300000
812,8/20/18 9:50,3.307,3.306,39122700,3.306,10200,3.308,600000
813,8/20/18 9:50,3.3065,3.306,39122700,3.306,10200,3.307,300000
814,8/20/18 9:50,3.3065,3.305,39142700,3.306,3000,3.307,300000
815,8/20/18 9:50,3.3065,3.305,39142700,3.306,3000,3.307,300000
816,8/20/18 9:50,3.306,3.306,39145700,3.305,8700,3.307,600000
817,8/20/18 9:50,3.3045,3.305,39184400,3.304,40700,3.305,11300
818,8/20/18 9:50,3.3045,3.305,39186200,3.304,40700,3.305,9600
819,8/20/18 9:50,3.3045,3.305,39186200,3.304,43700,3.305,9600
820,8/20/18 9:50,3.305,3.306,39196200,3.304,49100,3.306,81400
821,8/20/18 9:50,3.305,3.306,39199200,3.304,49100,3.306,78400
822,8/20/18 9:50,3.3045,3.306,39201200,3.304,49100,3.305,300000
823,8/20/18 9:50,3.3045,3.306,39201200,3.304,49100,3.305,300000
824,8/20/18 9:50,3.3025,3.303,39293200,3.302,47500,3.303,208200
825,8/20/18 9:50,3.3025,3.303,39306700,3.302,547500,3.303,194700
826,8/20/18 9:50,3.3025,3.303,39307200,3.302,547500,3.303,494300
827,8/20/18 9:50,3.3025,3.303,39307200,3.302,547500,3.303,494300
828,8/20/18 9:50,3.3015,3.302,39354800,3.301,152200,3.302,253000
829,8/20/18 9:50,3.3015,3.302,39354800,3.301,146200,3.302,600
830,8/20/18 9:50,3.3015,3.302,39363900,3.301,146200,3.302,331500
831,8/20/18 9:50,3.3015,3.302,39363900,3.301,146200,3.302,331500
832,8/20/18 9:50,3.3015,3.302,39363900,3.301,146200,3.302,40000
833,8/20/18 9:50,3.3015,3.302,39372100,3.301,146100,3.302,31900
834,8/20/18 9:50,3.3015,3.302,39372100,3.301,146100,3.302,331900
835,8/20/18 9:50,3.3015,3.302,39372100,3.301,147000,3.302,331900
836,8/20/18 9:50,3.3005,3.301,39549100,3.3,282400,3.301,153000
837,8/20/18 9:50,3.3005,3.3,39549300,3.3,282200,3.301,74900
838,8/20/18 9:50,3.3005,3.3,39549300,3.3,282200,3.301,74900
839,8/20/18 9:50,3.3005,3.301,39551300,3.3,250700,3.301,72900
840,8/20/18 9:51,3.3005,3.3,39563400,3.3,250600,3.301,69300
841,8/20/18 9:51,3.3005,3.301,39583400,3.3,250600,3.301,49300
842,8/20/18 9:51,3.3005,3.3,39664500,3.3,169500,3.301,60600
843,8/20/18 9:51,3.3005,3.3,39670500,3.3,173500,3.301,63600
844,8/20/18 9:51,3.3005,3.301,39687500,3.3,160500,3.301,25400
845,8/20/18 9:51,3.3005,3.301,39691500,3.3,160500,3.301,21400
846,8/20/18 9:51,3.3005,3.301,39697500,3.3,160500,3.301,15400
847,8/20/18 9:51,3.3025,3.303,39759100,3.302,2000,3.303,163800
848,8/20/18 9:51,3.3025,3.302,39901200,3.302,1900,3.303,21500
849,8/20/18 9:51,3.3025,3.302,39901200,3.302,1900,3.303,21500
850,8/20/18 9:51,3.3025,3.302,39904700,3.302,400,3.303,21700
851,8/20/18 9:51,3.3025,3.302,39904700,3.302,400,3.303,21700
852,8/20/18 9:51,3.3025,3.302,39904700,3.302,2400,3.303,21700
853,8/20/18 9:51,3.3025,3.302,39904900,3.302,7200,3.303,21700
854,8/20/18 9:51,3.3025,3.302,39904900,3.302,7200,3.303,21900
855,8/20/18 9:51,3.3025,3.302,39905000,3.302,7100,3.303,21900
856,8/20/18 9:51,3.3005,3.301,39946400,3.3,173600,3.301,265700
857,8/20/18 9:51,3.3005,3.301,39948400,3.3,173600,3.301,263700
858,8/20/18 9:51,3.3005,3.301,39948400,3.3,173600,3.301,263700
859,8/20/18 9:51,3.3005,3.301,39948400,3.3,173600,3.301,563700
860,8/20/18 9:51,3.3005,3.301,39950400,3.3,173600,3.301,261700
861,8/20/18 9:51,3.3005,3.301,39950400,3.3,173600,3.301,261700
862,8/20/18 9:51,3.3005,3.3,39950500,3.3,173600,3.301,261700
863,8/20/18 9:51,3.3005,3.3,39950500,3.3,175700,3.301,261700
864,8/20/18 9:51,3.3005,3.3,39950500,3.3,175700,3.301,261700
865,8/20/18 9:51,3.3005,3.3,39950500,3.3,207200,3.301,261700
866,8/20/18 9:51,3.3005,3.301,39959700,3.3,207000,3.301,252700
867,8/20/18 9:51,3.299,3.3,40166700,3.298,45900,3.3,58300
868,8/20/18 9:51,3.299,3.3,40166700,3.298,45900,3.3,1688300
869,8/20/18 9:51,3.2975,3.298,40212600,3.297,17200,3.298,40000
870,8/20/18 9:51,3.2975,3.297,40213700,3.297,16100,3.298,60000
871,8/20/18 9:51,3.2965,3.296,40235800,3.296,21500,3.297,40000
872,8/20/18 9:51,3.2965,3.297,40261100,3.296,21500,3.297,634700
873,8/20/18 9:51,3.2965,3.297,40261100,3.296,21500,3.297,634800
874,8/20/18 9:51,3.2955,3.296,40291200,3.295,26200,3.296,341000
875,8/20/18 9:51,3.2945,3.295,40317400,3.294,7300,3.295,40000
876,8/20/18 9:51,3.2945,3.295,40317400,3.294,7300,3.295,460000
877,8/20/18 9:51,3.2935,3.294,40324800,3.293,71400,3.294,59900
878,8/20/18 9:51,3.2935,3.294,40324800,3.293,51400,3.294,59900
879,8/20/18 9:51,3.2935,3.294,40324800,3.293,51400,3.294,59900
880,8/20/18 9:52,3.294,3.294,40324800,3.293,51400,3.295,160100
881,8/20/18 9:52,3.294,3.294,40324800,3.293,51400,3.295,160100
882,8/20/18 9:52,3.294,3.294,40324800,3.293,51400,3.295,160100
883,8/20/18 9:52,3.294,3.293,40324900,3.293,51300,3.295,160100
884,8/20/18 9:52,3.294,3.293,40325000,3.293,51200,3.295,160100
885,8/20/18 9:52,3.2925,3.293,40376200,3.292,46100,3.293,948800
886,8/20/18 9:52,3.2925,3.293,40389200,3.292,46100,3.293,936600
887,8/20/18 9:52,3.2925,3.293,40389200,3.292,46100,3.293,958900
888,8/20/18 9:52,3.2925,3.293,40392500,3.292,46100,3.293,957500
889,8/20/18 9:52,3.2925,3.293,40392500,3.292,46100,3.293,957500
890,8/20/18 9:52,3.2925,3.292,40397600,3.292,46000,3.293,952500
891,8/20/18 9:52,3.2925,3.292,40397600,3.292,46000,3.293,952500
892,8/20/18 9:52,3.2925,3.292,40397700,3.292,58900,3.293,952500
893,8/20/18 9:52,3.2925,3.292,40397700,3.292,58900,3.293,962500
894,8/20/18 9:52,3.2925,3.293,40413100,3.292,47500,3.293,958500
895,8/20/18 9:52,3.2925,3.293,40413100,3.292,47500,3.293,958500
896,8/20/18 9:52,3.2925,3.293,40438100,3.292,47500,3.293,911200
897,8/20/18 9:52,3.2925,3.292,40439900,3.292,46300,3.293,901200
898,8/20/18 9:52,3.2925,3.293,40440900,3.292,46300,3.293,900200
899,8/20/18 9:52,3.2925,3.292,40443000,3.292,46200,3.293,898200
900,8/20/18 9:52,3.2925,3.293,40447200,3.292,46200,3.293,894000
901,8/20/18 9:52,3.2925,3.292,40447300,3.292,46100,3.293,914000
902,8/20/18 9:52,3.2915,3.292,40495400,3.291,121500,3.292,258900
903,8/20/18 9:52,3.2915,3.292,40495400,3.291,121500,3.292,258900
904,8/20/18 9:52,3.2915,3.291,40515400,3.291,101600,3.292,10000
905,8/20/18 9:52,3.2915,3.292,40519400,3.291,101600,3.292,6000
906,8/20/18 9:52,3.2925,3.292,40527500,3.292,1400,3.293,1212000
907,8/20/18 9:52,3.2925,3.292,40527500,3.292,6400,3.293,912000
908,8/20/18 9:52,3.2925,3.29,40747500,3.292,2000,3.293,1512000
909,8/20/18 9:52,3.2925,3.29,40747500,3.292,14000,3.293,1512000
910,8/20/18 9:52,3.2925,3.29,40747500,3.292,14300,3.293,912000
911,8/20/18 9:52,3.2925,3.292,40750500,3.292,11300,3.293,912000
912,8/20/18 9:52,3.2925,3.293,40753600,3.292,8300,3.293,911900
913,8/20/18 9:52,3.2925,3.293,40753600,3.292,12800,3.293,911900
914,8/20/18 9:52,3.2925,3.292,40753700,3.292,12700,3.293,911900
915,8/20/18 9:52,3.2925,3.292,40753700,3.292,12700,3.293,911900
916,8/20/18 9:52,3.2925,3.293,40754000,3.292,12700,3.293,1511600
917,8/20/18 9:52,3.2915,3.29,40834000,3.29,52000,3.293,22700
918,8/20/18 9:52,3.2915,3.293,40841500,3.29,52100,3.293,315200
919,8/20/18 9:52,3.2915,3.293,40841500,3.29,52100,3.293,615200
920,8/20/18 9:53,3.2915,3.293,40962700,3.29,52100,3.293,16300
921,8/20/18 9:53,3.2925,3.293,40964800,3.292,1900,3.293,314300
922,8/20/18 9:53,3.2935,3.293,40979100,3.293,3300,3.294,301500
923,8/20/18 9:53,3.2935,3.293,40984400,3.293,3300,3.294,1500
924,8/20/18 9:53,3.2925,3.293,40987700,3.292,260800,3.293,38600
925,8/20/18 9:53,3.2925,3.293,40987800,3.292,260800,3.293,38500
926,8/20/18 9:53,3.2925,3.293,40987800,3.292,260800,3.293,38500
927,8/20/18 9:53,3.2925,3.293,40999800,3.292,258800,3.293,28500
928,8/20/18 9:53,3.2935,3.292,41081700,3.293,3000,3.294,548200
929,8/20/18 9:53,3.2935,3.293,41085700,3.293,3000,3.294,600000
930,8/20/18 9:53,3.2915,3.292,41361000,3.291,20100,3.292,619800
931,8/20/18 9:53,3.2915,3.292,41362500,3.291,20100,3.292,618300
932,8/20/18 9:53,3.2915,3.292,41366400,3.291,20100,3.292,614400
933,8/20/18 9:53,3.2915,3.292,41375100,3.291,20100,3.292,605700
934,8/20/18 9:53,3.2915,3.292,41381100,3.291,20100,3.292,599700
935,8/20/18 9:53,3.2915,3.292,41381100,3.291,20100,3.292,599700
936,8/20/18 9:53,3.2915,3.291,41381200,3.291,20000,3.292,598600
937,8/20/18 9:53,3.2915,3.292,41640100,3.291,22000,3.292,339700
938,8/20/18 9:53,3.2915,3.292,41902100,3.291,20900,3.292,78800
939,8/20/18 9:53,3.2915,3.292,41902100,3.291,23900,3.292,78800
940,8/20/18 9:53,3.2915,3.292,41912100,3.291,23900,3.292,68800
941,8/20/18 9:53,3.2915,3.292,41912100,3.291,23900,3.292,68800
942,8/20/18 9:53,3.2915,3.291,41914200,3.291,23800,3.292,666800
943,8/20/18 9:53,3.2905,3.291,41948000,3.29,67100,3.291,330100
944,8/20/18 9:53,3.2895,3.29,42015100,3.289,59000,3.29,40000
945,8/20/18 9:53,3.2885,3.289,42075100,3.288,69800,3.289,40000
946,8/20/18 9:53,3.2885,3.289,42075100,3.288,69800,3.289,40000
947,8/20/18 9:53,3.2885,3.289,42075100,3.288,72800,3.289,40000
948,8/20/18 9:53,3.2885,3.289,42105100,3.288,74300,3.289,10000
949,8/20/18 9:53,3.289,3.29,42124600,3.288,64800,3.29,29600
950,8/20/18 9:53,3.289,3.288,42124700,3.288,964700,3.29,600
951,8/20/18 9:53,3.2905,3.29,42125300,3.29,400,3.291,30100
952,8/20/18 9:53,3.291,3.29,42125300,3.29,400,3.292,66800
953,8/20/18 9:53,3.291,3.29,42125300,3.29,400,3.292,66800
954,8/20/18 9:53,3.291,3.29,42125300,3.29,900,3.292,66800
955,8/20/18 9:53,3.291,3.29,42125300,3.29,900,3.292,66800
956,8/20/18 9:53,3.291,3.29,42125300,3.29,6900,3.292,66800
957,8/20/18 9:53,3.2915,3.292,42131300,3.29,6900,3.293,5100
958,8/20/18 9:53,3.2925,3.29,42131400,3.292,666800,3.293,5100
959,8/20/18 9:53,3.2925,3.293,42131500,3.292,666800,3.293,5000
960,8/20/18 9:54,3.2925,3.293,42131500,3.292,666800,3.293,5000
961,8/20/18 9:54,3.2925,3.293,42131500,3.292,666800,3.293,5000
962,8/20/18 9:54,3.2925,3.293,42131500,3.292,716800,3.293,5000
963,8/20/18 9:54,3.2925,3.293,42131500,3.292,716800,3.293,5000
964,8/20/18 9:54,3.294,3.293,42136500,3.293,41400,3.295,7900
965,8/20/18 9:54,3.294,3.293,42136600,3.293,272000,3.295,7900
966,8/20/18 9:54,3.294,3.293,42137600,3.293,283000,3.295,7900
967,8/20/18 9:54,3.294,3.293,42138600,3.293,242700,3.295,7900
968,8/20/18 9:54,3.2915,3.292,43135900,3.291,20000,3.292,22700
969,8/20/18 9:54,3.2915,3.292,43140900,3.291,20000,3.292,17700
970,8/20/18 9:54,3.2935,3.293,43160100,3.294,800,3.293,1500
971,8/20/18 9:54,3.2945,3.293,43160100,3.294,800,3.295,7900
972,8/20/18 9:54,3.2945,3.293,43160100,3.294,6800,3.295,7900
973,8/20/18 9:54,3.2945,3.295,43163100,3.294,6800,3.295,4900
974,8/20/18 9:54,3.2945,3.295,43163100,3.294,6800,3.295,14800
975,8/20/18 9:54,3.2945,3.295,43163100,3.294,6800,3.295,14800
976,8/20/18 9:54,3.2945,3.295,43163100,3.294,6800,3.295,14800
977,8/20/18 9:54,3.2945,3.295,43163100,3.294,6800,3.295,14800
978,8/20/18 9:54,3.2925,3.293,43205000,3.292,966900,3.293,27100
979,8/20/18 9:54,3.2925,3.295,43237100,3.292,966900,3.293,27100
980,8/20/18 9:54,3.2975,3.297,43262100,3.297,900,3.298,601000
981,8/20/18 9:54,3.2975,3.297,43262100,3.297,900,3.298,601000
982,8/20/18 9:54,3.296,3.295,43269000,3.295,921200,3.297,300000
983,8/20/18 9:54,3.296,3.295,43269000,3.295,921200,3.297,300000
984,8/20/18 9:54,3.2955,3.295,43569000,3.295,621200,3.296,300000
985,8/20/18 9:54,3.2955,3.295,44072700,3.295,117500,3.296,600000
986,8/20/18 9:54,3.2945,3.295,44190200,3.294,15300,3.295,182500
987,8/20/18 9:54,3.2945,3.294,44192700,3.294,12800,3.295,183400
988,8/20/18 9:54,3.2945,3.294,44192800,3.294,12700,3.295,183400
989,8/20/18 9:54,3.2945,3.295,44193900,3.294,15600,3.295,182400
990,8/20/18 9:54,3.294,3.295,44216900,3.293,205100,3.295,179400
991,8/20/18 9:54,3.294,3.295,44216900,3.293,205100,3.295,179400
992,8/20/18 9:54,3.294,3.295,44230400,3.293,287500,3.295,165000
993,8/20/18 9:54,3.2945,3.295,44230400,3.294,1000,3.295,165000
994,8/20/18 9:54,3.2945,3.295,44235200,3.294,1000,3.295,160200
995,8/20/18 9:54,3.2945,3.294,44235300,3.294,1100,3.295,160200
996,8/20/18 9:54,3.2945,3.295,44237200,3.294,6100,3.295,158300
997,8/20/18 9:54,3.297,3.299,44495500,3.295,751900,3.299,548000
998,8/20/18 9:54,3.2975,3.299,44495500,3.295,751900,3.3,22600
999,8/20/18 9:54,3.296,3.299,44495500,3.295,7000,3.297,600000
1000,8/20/18 9:55,3.296,3.299,44495500,3.295,7000,3.297,600000
1001,8/20/18 9:55,3.296,3.299,44495500,3.295,7000,3.297,600000
1002,8/20/18 9:55,3.2945,3.295,44532500,3.294,20100,3.295,263100
1003,8/20/18 9:55,3.2945,3.295,44532500,3.294,20100,3.295,263100
1004,8/20/18 9:55,3.295,3.295,44535500,3.294,20100,3.296,600000
1005,8/20/18 9:55,3.295,3.295,44535500,3.294,20100,3.296,600000
1006,8/20/18 9:55,3.2945,3.295,44537500,3.294,20100,3.295,598000
1007,8/20/18 9:55,3.2945,3.295,44537500,3.294,20100,3.295,6000
1008,8/20/18 9:55,3.2945,3.295,44583100,3.294,60100,3.295,560400
1009,8/20/18 9:55,3.2935,3.294,44643600,3.293,522600,3.294,539500
1010,8/20/18 9:55,3.2915,3.292,45328400,3.291,214200,3.292,19200
1011,8/20/18 9:55,3.2915,3.292,45328400,3.291,214200,3.292,19200
1012,8/20/18 9:55,3.292,3.293,45333400,3.291,214200,3.293,595000
1013,8/20/18 9:55,3.292,3.293,45333400,3.291,214200,3.293,300000
1014,8/20/18 9:55,3.292,3.293,45334000,3.291,214200,3.293,599400
1015,8/20/18 9:55,3.292,3.293,45334000,3.291,214200,3.293,300600
1016,8/20/18 9:55,3.2925,3.293,45335200,3.292,14000,3.293,599400
1017,8/20/18 9:55,3.2925,3.292,45335300,3.292,13900,3.293,599400
1018,8/20/18 9:55,3.2925,3.292,45335300,3.292,13900,3.293,599400
1019,8/20/18 9:55,3.2925,3.293,45349900,3.292,13900,3.293,284800
1020,8/20/18 9:55,3.2905,3.291,45678400,3.29,38300,3.291,220200
1021,8/20/18 9:55,3.2905,3.291,45678400,3.29,39300,3.291,520200
1022,8/20/18 9:55,3.2895,3.29,45721100,3.289,84000,3.29,320000
1023,8/20/18 9:55,3.2895,3.295,46241100,3.289,84000,3.29,320000
1024,8/20/18 9:55,3.2935,3.29,46241200,3.29,326800,3.297,80700
1025,8/20/18 9:55,3.293,3.29,46241200,3.29,326800,3.296,300000
1026,8/20/18 9:55,3.2945,3.29,46241200,3.293,10100,3.296,300000
1027,8/20/18 9:55,3.293,3.293,46251300,3.293,10100,3.293,289900
1028,8/20/18 9:55,3.292,3.291,46251700,3.291,19600,3.293,289900
1029,8/20/18 9:55,3.2925,3.291,46251700,3.291,19600,3.294,300000
1030,8/20/18 9:55,3.2925,3.291,46251700,3.291,29600,3.294,300000
1031,8/20/18 9:55,3.292,3.291,46271700,3.291,9600,3.293,300000
1032,8/20/18 9:55,3.292,3.291,46271800,3.291,9500,3.293,300000
1033,8/20/18 9:55,3.292,3.291,46271800,3.291,47200,3.293,300000
1034,8/20/18 9:55,3.292,3.291,46272000,3.291,50500,3.293,300000
1035,8/20/18 9:55,3.292,3.291,46272000,3.291,50500,3.293,300000
1036,8/20/18 9:55,3.292,3.291,46272000,3.291,51500,3.293,300000
1037,8/20/18 9:55,3.292,3.291,46272000,3.291,52000,3.293,300000
1038,8/20/18 9:55,3.292,3.291,46272200,3.291,51800,3.293,300000
1039,8/20/18 9:55,3.292,3.291,46272600,3.291,51400,3.293,300000
1040,8/20/18 9:56,3.2925,3.291,46322600,3.291,71400,3.294,595000
1041,8/20/18 9:56,3.2925,3.293,46422600,3.291,73400,3.294,295000
1042,8/20/18 9:56,3.2915,3.293,46424100,3.291,73800,3.292,300200
1043,8/20/18 9:56,3.2915,3.291,46424400,3.291,73500,3.292,303600
1044,8/20/18 9:56,3.2915,3.291,46424400,3.291,92000,3.292,303600
1045,8/20/18 9:56,3.2915,3.291,46424400,3.291,92000,3.292,303600
1046,8/20/18 9:56,3.2915,3.291,46437800,3.291,78600,3.292,303600
1047,8/20/18 9:56,3.2915,3.291,46437800,3.291,88300,3.292,303600
1048,8/20/18 9:56,3.2915,3.291,46458000,3.291,68100,3.292,303600
1049,8/20/18 9:56,3.2915,3.291,46458000,3.291,68100,3.292,303600
1050,8/20/18 9:56,3.2915,3.291,46458000,3.291,68100,3.292,3600
1051,8/20/18 9:56,3.2915,3.291,46458000,3.291,68100,3.292,3600
1052,8/20/18 9:56,3.2925,3.292,46461600,3.292,17900,3.293,300
1053,8/20/18 9:56,3.2925,3.292,46461900,3.292,57600,3.293,300
1054,8/20/18 9:56,3.2925,3.292,46462000,3.292,57500,3.293,300
1055,8/20/18 9:56,3.2925,3.292,46462000,3.292,57500,3.293,300
1056,8/20/18 9:56,3.2925,3.292,46462000,3.292,58700,3.293,300
1057,8/20/18 9:56,3.2925,3.292,46462000,3.292,58700,3.293,300
1058,8/20/18 9:56,3.2925,3.292,46482200,3.292,40500,3.293,300
1059,8/20/18 9:56,3.2925,3.292,46482200,3.292,41500,3.293,300
1060,8/20/18 9:56,3.2945,3.293,46482700,3.293,400,3.296,310500
1061,8/20/18 9:56,3.2945,3.293,46482800,3.293,300,3.296,10500
1062,8/20/18 9:56,3.2945,3.293,46482800,3.293,600,3.296,10500
1063,8/20/18 9:56,3.2945,3.293,46482800,3.293,600,3.296,10500
1064,8/20/18 9:56,3.2925,3.293,46484600,3.292,72000,3.293,31300
1065,8/20/18 9:56,3.2925,3.293,46484600,3.292,72000,3.293,31300
1066,8/20/18 9:56,3.2925,3.293,46484800,3.292,72800,3.293,31100
1067,8/20/18 9:56,3.2925,3.292,46485000,3.292,72600,3.293,49300
1068,8/20/18 9:56,3.2925,3.293,46493100,3.292,82500,3.293,41300
1069,8/20/18 9:56,3.2925,3.293,46493100,3.292,82500,3.293,41300
1070,8/20/18 9:56,3.2925,3.293,46493100,3.292,382500,3.293,69300
1071,8/20/18 9:56,3.2925,3.293,46493100,3.292,382500,3.293,69300
1072,8/20/18 9:56,3.2925,3.292,46494300,3.292,382700,3.293,68300
1073,8/20/18 9:56,3.2925,3.293,46534300,3.292,382700,3.293,28300
1074,8/20/18 9:56,3.2925,3.293,46534300,3.292,382700,3.293,28300
1075,8/20/18 9:56,3.2925,3.293,46561400,3.292,82500,3.293,1400
1076,8/20/18 9:56,3.2935,3.293,46562900,3.293,4000,3.294,600000
1077,8/20/18 9:56,3.2935,3.293,46562900,3.293,4000,3.294,600000
1078,8/20/18 9:56,3.2935,3.293,46563200,3.293,14700,3.294,600000
1079,8/20/18 9:56,3.2935,3.293,46563200,3.293,14700,3.294,600000
1080,8/20/18 9:57,3.294,3.293,46563200,3.293,14700,3.295,310000
1081,8/20/18 9:57,3.294,3.293,46563400,3.293,14500,3.295,610000
1082,8/20/18 9:57,3.2935,3.293,46563400,3.293,17500,3.294,601200
1083,8/20/18 9:57,3.2935,3.293,46564500,3.293,16400,3.294,601200
1084,8/20/18 9:57,3.2935,3.293,46564700,3.293,16200,3.294,301200
1085,8/20/18 9:57,3.2935,3.293,46564700,3.293,16200,3.294,1200
1086,8/20/18 9:57,3.2935,3.293,46565700,3.293,15200,3.294,301200
1087,8/20/18 9:57,3.293,3.292,46585700,3.292,92700,3.294,301200
1088,8/20/18 9:57,3.293,3.292,46586100,3.292,92500,3.294,1000
1089,8/20/18 9:57,3.293,3.292,46587800,3.292,91300,3.294,300500
1090,8/20/18 9:57,3.2945,3.294,46588300,3.294,800,3.295,310000
1091,8/20/18 9:57,3.2945,3.294,46589100,3.294,800,3.295,310000
1092,8/20/18 9:57,3.293,3.294,46589100,3.292,91200,3.294,1200
1093,8/20/18 9:57,3.293,3.294,46589100,3.292,91200,3.294,1200
1094,8/20/18 9:57,3.2935,3.294,46589100,3.293,2000,3.294,1200
1095,8/20/18 9:57,3.2935,3.293,46589400,3.293,1700,3.294,1200
1096,8/20/18 9:57,3.2935,3.294,46589500,3.293,1700,3.294,1100
1097,8/20/18 9:57,3.2935,3.294,46590300,3.293,2600,3.294,300
1098,8/20/18 9:57,3.2935,3.293,46590400,3.293,2500,3.294,300
1099,8/20/18 9:57,3.2935,3.294,46590500,3.293,2500,3.294,200
1100,8/20/18 9:57,3.2945,3.294,46591000,3.294,50500,3.295,10000
1101,8/20/18 9:57,3.2945,3.294,46591000,3.294,50500,3.295,10000
1102,8/20/18 9:57,3.2945,3.294,46591000,3.294,50800,3.295,15000
1103,8/20/18 9:57,3.2945,3.294,46591200,3.294,60500,3.295,15000
1104,8/20/18 9:57,3.2945,3.294,46591200,3.294,60500,3.295,315000
1105,8/20/18 9:57,3.2945,3.294,46591300,3.294,60400,3.295,315000
1106,8/20/18 9:57,3.2945,3.294,46591600,3.294,10100,3.295,314900
1107,8/20/18 9:57,3.2935,3.293,46601900,3.293,7500,3.294,9900
1108,8/20/18 9:57,3.2935,3.293,46601900,3.293,7500,3.294,309900
1109,8/20/18 9:57,3.2935,3.294,46628800,3.293,7500,3.294,283000
1110,8/20/18 9:57,3.2935,3.293,46629000,3.293,7300,3.294,600000
1111,8/20/18 9:57,3.2935,3.293,46629000,3.293,7300,3.294,300000
1112,8/20/18 9:57,3.2925,3.293,46656400,3.292,214100,3.293,272700
1113,8/20/18 9:57,3.2925,3.292,46656700,3.292,184100,3.293,272700
1114,8/20/18 9:57,3.2925,3.292,46657800,3.292,183900,3.293,300300
1115,8/20/18 9:57,3.2925,3.292,46657800,3.292,183900,3.293,300300
1116,8/20/18 9:57,3.2925,3.292,46657800,3.292,213900,3.293,303300
1117,8/20/18 9:57,3.2925,3.293,46660800,3.292,213900,3.293,300300
1118,8/20/18 9:57,3.292,3.292,46874700,3.291,21800,3.293,300300
1119,8/20/18 9:57,3.292,3.292,46874700,3.291,21800,3.293,300300
1120,8/20/18 9:58,3.292,3.293,46877800,3.291,21700,3.293,297300
1121,8/20/18 9:58,3.292,3.293,46877800,3.291,21700,3.293,297300
1122,8/20/18 9:58,3.292,3.293,46877800,3.291,246600,3.293,297300
1123,8/20/18 9:58,3.2925,3.293,46877800,3.292,4000,3.293,297300
1124,8/20/18 9:58,3.292,3.292,46882700,3.292,4000,3.292,100000
1125,8/20/18 9:58,3.2915,3.292,46882700,3.291,246600,3.292,100000
1126,8/20/18 9:58,3.2915,3.292,46882700,3.291,246600,3.292,100000
1127,8/20/18 9:58,3.2915,3.291,46882800,3.291,239300,3.292,100000
1128,8/20/18 9:58,3.2915,3.292,46893700,3.291,239300,3.292,89100
1129,8/20/18 9:58,3.2915,3.292,46902700,3.291,239300,3.292,80100
1130,8/20/18 9:58,3.2915,3.292,46902700,3.291,239300,3.292,380100
1131,8/20/18 9:58,3.2915,3.292,46903700,3.291,239300,3.292,79100
1132,8/20/18 9:58,3.2915,3.291,46905300,3.291,237700,3.292,79100
1133,8/20/18 9:58,3.2915,3.292,46906300,3.291,237700,3.292,78100
1134,8/20/18 9:58,3.2915,3.291,46906700,3.291,237300,3.292,78100
1135,8/20/18 9:58,3.2915,3.292,46907000,3.291,237300,3.292,77800
1136,8/20/18 9:58,3.2915,3.292,46907000,3.291,237300,3.292,77800
1137,8/20/18 9:58,3.2915,3.292,46907000,3.291,237300,3.292,77800
1138,8/20/18 9:58,3.2915,3.292,46917000,3.291,232300,3.292,72800
1139,8/20/18 9:58,3.2915,3.292,46917000,3.291,232300,3.292,72800
1140,8/20/18 9:58,3.2915,3.292,46917000,3.291,232300,3.292,72800
1141,8/20/18 9:58,3.2915,3.292,46917000,3.291,232300,3.292,72800
1142,8/20/18 9:58,3.2915,3.292,46922000,3.291,7400,3.292,67800
1143,8/20/18 9:58,3.2915,3.292,46922000,3.291,7400,3.292,67800
1144,8/20/18 9:58,3.2915,3.292,47147800,3.291,7400,3.292,142000
1145,8/20/18 9:58,3.292,3.292,47147800,3.291,7400,3.293,300000
1146,8/20/18 9:58,3.2895,3.29,47186500,3.289,118400,3.29,48600
1147,8/20/18 9:58,3.2895,3.29,47186500,3.289,118400,3.29,48600
1148,8/20/18 9:58,3.2895,3.29,47186500,3.289,118400,3.29,49600
1149,8/20/18 9:58,3.2895,3.29,47186500,3.289,118400,3.29,49700
1150,8/20/18 9:58,3.2895,3.289,47241600,3.289,63300,3.29,49700
1151,8/20/18 9:58,3.2895,3.289,47241600,3.289,63300,3.29,49700
1152,8/20/18 9:58,3.2895,3.289,47241600,3.289,63300,3.29,49700
1153,8/20/18 9:58,3.2895,3.289,47241600,3.289,63300,3.29,49700
1154,8/20/18 9:58,3.2895,3.289,47241600,3.289,63300,3.29,49700
1155,8/20/18 9:58,3.2895,3.289,47241600,3.289,63300,3.29,49700
1156,8/20/18 9:58,3.2895,3.289,47245900,3.289,63200,3.29,45500
1157,8/20/18 9:58,3.2895,3.289,47245900,3.289,73200,3.29,345500
1158,8/20/18 9:58,3.2895,3.289,47245900,3.289,73200,3.29,369400
1159,8/20/18 9:58,3.2885,3.289,47320600,3.288,111300,3.289,75300
1160,8/20/18 9:59,3.2885,3.288,47340600,3.288,91300,3.289,1083400
1161,8/20/18 9:59,3.2885,3.288,47340600,3.288,91300,3.289,1083400
1162,8/20/18 9:59,3.2885,3.289,47347100,3.288,84900,3.289,1083300
1163,8/20/18 9:59,3.2885,3.289,47347100,3.288,84900,3.289,1083300
1164,8/20/18 9:59,3.2885,3.288,47347200,3.288,84800,3.289,1075200
1165,8/20/18 9:59,3.2885,3.288,47347200,3.288,84800,3.289,1078200
1166,8/20/18 9:59,3.2885,3.289,47350200,3.288,84800,3.289,1075200
1167,8/20/18 9:59,3.2885,3.289,47350200,3.288,84800,3.289,1075200
1168,8/20/18 9:59,3.2885,3.288,47350800,3.288,109200,3.289,1075200
1169,8/20/18 9:59,3.2885,3.288,47350800,3.288,109200,3.289,1075200
1170,8/20/18 9:59,3.2885,3.288,47622600,3.288,63200,3.289,849400
1171,8/20/18 9:59,3.2885,3.288,47622700,3.288,63100,3.289,849400
1172,8/20/18 9:59,3.2885,3.289,47630800,3.288,63100,3.289,841300
1173,8/20/18 9:59,3.2885,3.289,47631400,3.288,63100,3.289,840700
1174,8/20/18 9:59,3.2885,3.289,47646400,3.288,63100,3.289,825700
1175,8/20/18 9:59,3.2885,3.288,47656400,3.288,53100,3.289,825700
1176,8/20/18 9:59,3.2885,3.289,47657400,3.288,53100,3.289,824700
1177,8/20/18 9:59,3.2885,3.289,47657400,3.288,53100,3.289,824700
1178,8/20/18 9:59,3.2885,3.288,47657600,3.288,63000,3.289,824600
1179,8/20/18 9:59,3.2885,3.288,47657600,3.288,64500,3.289,824600
1180,8/20/18 9:59,3.2885,3.289,47667600,3.288,64500,3.289,814600
1181,8/20/18 9:59,3.2885,3.289,47982500,3.288,64500,3.289,499700
1182,8/20/18 9:59,3.2885,3.289,47982500,3.288,123800,3.289,499700
1183,8/20/18 9:59,3.2895,3.289,48485100,3.289,2000,3.29,1100
1184,8/20/18 9:59,3.2895,3.288,48495100,3.289,2000,3.29,1100
1185,8/20/18 9:59,3.2895,3.288,48495100,3.289,499700,3.29,1100
1186,8/20/18 9:59,3.2895,3.289,48495200,3.289,499600,3.29,1100
1187,8/20/18 9:59,3.2895,3.29,48495300,3.289,499600,3.29,1000
1188,8/20/18 9:59,3.2905,3.29,48496400,3.29,5900,3.291,1200
1189,8/20/18 9:59,3.2905,3.29,48496400,3.29,5900,3.291,1200
1190,8/20/18 9:59,3.2905,3.29,48496400,3.29,61700,3.291,1200
1191,8/20/18 9:59,3.2905,3.29,48496400,3.29,61700,3.291,1200
1192,8/20/18 9:59,3.2905,3.29,48496400,3.29,61700,3.291,1200
1193,8/20/18 9:59,3.2905,3.29,48496500,3.29,61600,3.291,1200
1194,8/20/18 9:59,3.2905,3.29,48496500,3.29,64800,3.291,1200
1195,8/20/18 9:59,3.2905,3.29,48496500,3.29,64800,3.291,1200
1196,8/20/18 9:59,3.2905,3.29,48506500,3.29,242300,3.291,1200
1197,8/20/18 9:59,3.2905,3.29,48506500,3.29,242300,3.291,1200
1198,8/20/18 9:59,3.2905,3.29,48506500,3.29,242300,3.291,1200
1199,8/20/18 9:59,3.2915,3.291,48507700,3.291,2200,3.292,300000
1200,8/20/18 10:00,3.2915,3.291,48507800,3.291,2100,3.292,300000
1201,8/20/18 10:00,3.2915,3.291,48507800,3.291,2100,3.292,300000
1202,8/20/18 10:00,3.2905,3.291,48513900,3.29,242300,3.291,2000
1203,8/20/18 10:00,3.2905,3.291,48513900,3.29,254100,3.291,302000
1204,8/20/18 10:00,3.2905,3.29,48519800,3.29,248700,3.291,301500
1205,8/20/18 10:00,3.2905,3.29,48529800,3.29,238700,3.291,1500
1206,8/20/18 10:00,3.2905,3.29,48529800,3.29,238700,3.291,301500
1207,8/20/18 10:00,3.2905,3.29,48529800,3.29,258700,3.291,301500
1208,8/20/18 10:00,3.2905,3.29,48539900,3.29,248600,3.291,301500
1209,8/20/18 10:00,3.2905,3.29,48539900,3.29,248600,3.291,301500
1210,8/20/18 10:00,3.2895,3.29,48791600,3.289,4700,3.29,1048300
1211,8/20/18 10:00,3.2895,3.289,48791700,3.289,4600,3.29,1048300
1212,8/20/18 10:00,3.2895,3.29,48791800,3.289,4600,3.29,1048200
1213,8/20/18 10:00,3.2895,3.29,48791800,3.289,4600,3.29,1048200
1214,8/20/18 10:00,3.2895,3.29,48791800,3.289,9600,3.29,1048200
1215,8/20/18 10:00,3.2895,3.29,48843300,3.289,8100,3.29,998200
1216,8/20/18 10:00,3.2895,3.289,48843400,3.289,10000,3.29,1008200
1217,8/20/18 10:00,3.2895,3.289,48843400,3.289,10000,3.29,1008200
1218,8/20/18 10:00,3.2895,3.29,48893700,3.289,17500,3.29,957900
1219,8/20/18 10:00,3.2895,3.29,48893700,3.289,17500,3.29,957900
1220,8/20/18 10:00,3.2895,3.29,48893700,3.289,17500,3.29,1257900
1221,8/20/18 10:00,3.2895,3.29,48898700,3.289,17500,3.29,1252900
1222,8/20/18 10:00,3.2895,3.29,48898700,3.289,67500,3.29,1252900
1223,8/20/18 10:00,3.2895,3.289,48906400,3.289,64800,3.29,952900
1224,8/20/18 10:00,3.2895,3.289,48906400,3.289,64800,3.29,1252900
1225,8/20/18 10:00,3.2895,3.289,48906400,3.289,64500,3.29,1252900
1226,8/20/18 10:00,3.2895,3.29,48956400,3.289,64500,3.29,902900
1227,8/20/18 10:00,3.2895,3.289,48958400,3.289,62500,3.29,902900
1228,8/20/18 10:00,3.2915,3.29,49861300,3.29,70100,3.293,9000
1229,8/20/18 10:00,3.2915,3.29,49861300,3.29,370100,3.293,9000
1230,8/20/18 10:00,3.2925,3.292,49870300,3.292,27100,3.293,9000
1231,8/20/18 10:00,3.294,3.293,49879300,3.293,41000,3.295,9900
1232,8/20/18 10:00,3.294,3.293,49880500,3.293,39800,3.295,9900
1233,8/20/18 10:00,3.2935,3.293,49880500,3.293,39800,3.294,2000
1234,8/20/18 10:00,3.2935,3.293,49890500,3.293,29800,3.294,2000
1235,8/20/18 10:00,3.2935,3.293,49890500,3.293,1000,3.294,2000
1236,8/20/18 10:00,3.292,3.29,49931900,3.29,1357900,3.294,2000
1237,8/20/18 10:00,3.292,3.29,49931900,3.29,1057900,3.294,2000
1238,8/20/18 10:00,3.2915,3.29,49931900,3.291,2100,3.292,1100
1239,8/20/18 10:00,3.2915,3.29,49931900,3.291,2100,3.292,1100
1240,8/20/18 10:01,3.2915,3.29,49931900,3.291,2100,3.292,1100
1241,8/20/18 10:01,3.2915,3.29,49931900,3.291,16800,3.292,1100
1242,8/20/18 10:01,3.292,3.293,49935300,3.291,14700,3.293,302700
1243,8/20/18 10:01,3.292,3.291,49937800,3.291,12200,3.293,302700
1244,8/20/18 10:01,3.2925,3.291,49937800,3.292,2000,3.293,5000
1245,8/20/18 10:01,3.2925,3.292,49937900,3.292,1900,3.293,305000
1246,8/20/18 10:01,3.2915,3.292,49939800,3.291,48100,3.292,298100
1247,8/20/18 10:01,3.2915,3.292,49939800,3.291,48100,3.292,298100
1248,8/20/18 10:01,3.292,3.293,49943100,3.291,48100,3.293,301700
1249,8/20/18 10:01,3.292,3.293,49943100,3.291,48100,3.293,301700
1250,8/20/18 10:01,3.292,3.293,49943100,3.291,40500,3.293,301700
1251,8/20/18 10:01,3.292,3.293,49943100,3.291,40500,3.293,301700
1252,8/20/18 10:01,3.292,3.293,49946200,3.291,40400,3.293,298700
1253,8/20/18 10:01,3.2895,3.29,50027300,3.289,55600,3.29,180300
1254,8/20/18 10:01,3.2895,3.29,50027300,3.289,55600,3.29,180300
1255,8/20/18 10:01,3.2895,3.29,50027300,3.289,55600,3.29,180300
1256,8/20/18 10:01,3.2895,3.29,50037300,3.289,55600,3.29,170300
1257,8/20/18 10:01,3.2895,3.29,50037300,3.289,55600,3.29,170300
1258,8/20/18 10:01,3.2895,3.29,50037300,3.289,62100,3.29,170300
1259,8/20/18 10:01,3.2895,3.29,50037300,3.289,62100,3.29,170300
1260,8/20/18 10:01,3.2905,3.29,50207700,3.29,129700,3.291,10000
1261,8/20/18 10:01,3.2905,3.29,50227700,3.29,121200,3.291,10000
1262,8/20/18 10:01,3.2905,3.291,50227800,3.29,121200,3.291,9900
1263,8/20/18 10:01,3.2905,3.291,50227800,3.29,1121200,3.291,9900
1264,8/20/18 10:01,3.2915,3.291,50241300,3.291,49900,3.292,2000
1265,8/20/18 10:01,3.2915,3.291,50241300,3.291,52000,3.292,2000
1266,8/20/18 10:01,3.2915,3.291,50241300,3.291,59500,3.292,2000
1267,8/20/18 10:01,3.2915,3.291,50241400,3.291,64400,3.292,2000
1268,8/20/18 10:01,3.2915,3.292,50243600,3.291,72500,3.292,1800
1269,8/20/18 10:01,3.2915,3.292,50243600,3.291,70400,3.292,1800
1270,8/20/18 10:01,3.2915,3.291,50246600,3.291,77400,3.292,1800
1271,8/20/18 10:01,3.2915,3.291,50261600,3.291,62400,3.292,11800
1272,8/20/18 10:01,3.2915,3.292,50265900,3.291,67000,3.292,9700
1273,8/20/18 10:01,3.2915,3.292,50265900,3.291,67000,3.292,9700
1274,8/20/18 10:01,3.293,3.292,50276000,3.292,60800,3.294,1700
1275,8/20/18 10:01,3.293,3.292,50276000,3.292,79500,3.294,1700
1276,8/20/18 10:01,3.2925,3.292,50302800,3.292,68500,3.293,2000
1277,8/20/18 10:01,3.2925,3.292,50302800,3.292,68500,3.293,2000
1278,8/20/18 10:01,3.2925,3.292,50302800,3.292,368500,3.293,2000
1279,8/20/18 10:01,3.2925,3.293,50302900,3.292,368500,3.293,1900
1280,8/20/18 10:02,3.2935,3.293,50321600,3.293,48200,3.294,1700
1281,8/20/18 10:02,3.2935,3.293,50321600,3.293,48200,3.294,1700
1282,8/20/18 10:02,3.2935,3.294,50322400,3.293,48100,3.294,1000
1283,8/20/18 10:02,3.2935,3.294,50322400,3.293,48100,3.294,1000
1284,8/20/18 10:02,3.2945,3.294,50325400,3.294,2000,3.295,14200
1285,8/20/18 10:02,3.2945,3.294,50325800,3.294,1600,3.295,14200
1286,8/20/18 10:02,3.2945,3.294,50325800,3.294,1600,3.295,14200
1287,8/20/18 10:02,3.2945,3.294,50325800,3.294,1600,3.295,14200
1288,8/20/18 10:02,3.2945,3.294,50327500,3.294,4200,3.295,14200
1289,8/20/18 10:02,3.2945,3.294,50327600,3.294,4100,3.295,14200
1290,8/20/18 10:02,3.2945,3.294,50329200,3.294,22800,3.295,14100
1291,8/20/18 10:02,3.2945,3.294,50329200,3.294,22800,3.295,14100
1292,8/20/18 10:02,3.2945,3.295,50341600,3.294,32800,3.295,1700
1293,8/20/18 10:02,3.2945,3.295,50341600,3.294,32800,3.295,1700
1294,8/20/18 10:02,3.295,3.294,50377400,3.294,19400,3.296,10500
1295,8/20/18 10:02,3.295,3.294,50377400,3.294,19400,3.296,10500
1296,8/20/18 10:02,3.295,3.294,50393500,3.294,3300,3.296,10500
1297,8/20/18 10:02,3.2955,3.294,50393500,3.295,20000,3.296,10500
1298,8/20/18 10:02,3.2955,3.295,50410000,3.295,14800,3.296,10500
1299,8/20/18 10:02,3.2955,3.295,50410000,3.295,14800,3.296,10500
1300,8/20/18 10:02,3.2955,3.296,50413500,3.295,12800,3.296,9000
1301,8/20/18 10:02,3.2955,3.295,50415900,3.295,10400,3.296,9000
1302,8/20/18 10:02,3.295,3.294,50427000,3.294,3100,3.296,509000
1303,8/20/18 10:02,3.295,3.296,50429000,3.294,3100,3.296,507000
1304,8/20/18 10:02,3.2935,3.294,50432100,3.293,5000,3.294,17000
1305,8/20/18 10:02,3.2935,3.294,50432500,3.293,5000,3.294,16600
1306,8/20/18 10:02,3.2935,3.294,50445800,3.293,2700,3.294,5600
1307,8/20/18 10:02,3.2935,3.294,50448800,3.293,2700,3.294,2600
1308,8/20/18 10:02,3.2935,3.294,50448800,3.293,2700,3.294,2600
1309,8/20/18 10:02,3.2935,3.293,50450800,3.293,700,3.294,2600
1310,8/20/18 10:02,3.293,3.292,50452800,3.292,70200,3.294,2600
1311,8/20/18 10:02,3.293,3.294,50455100,3.292,64100,3.294,600
1312,8/20/18 10:02,3.2935,3.292,50460300,3.292,63900,3.295,359100
1313,8/20/18 10:02,3.294,3.292,50460300,3.293,15000,3.295,399100
1314,8/20/18 10:02,3.2935,3.292,50488400,3.293,15000,3.294,2100
1315,8/20/18 10:02,3.293,3.292,50488400,3.292,56000,3.294,2100
1316,8/20/18 10:02,3.2925,3.292,50488400,3.292,56000,3.293,200000
1317,8/20/18 10:02,3.2925,3.292,50488400,3.292,56000,3.293,200000
1318,8/20/18 10:02,3.2925,3.292,50488800,3.292,55600,3.293,200000
1319,8/20/18 10:02,3.2925,3.293,50540300,3.292,55600,3.293,148500
1320,8/20/18 10:03,3.2925,3.292,50540500,3.292,85900,3.293,148500
1321,8/20/18 10:03,3.2925,3.292,50560700,3.292,85700,3.293,128500
1322,8/20/18 10:03,3.2925,3.292,50560700,3.292,85700,3.293,128500
1323,8/20/18 10:03,3.2925,3.292,50560900,3.292,85500,3.293,128500
1324,8/20/18 10:03,3.2925,3.293,50613900,3.292,85500,3.293,75500
1325,8/20/18 10:03,3.2925,3.293,50613900,3.292,86500,3.293,75500
1326,8/20/18 10:03,3.2925,3.292,50614200,3.292,86200,3.293,75500
1327,8/20/18 10:03,3.2925,3.293,50621500,3.292,86200,3.293,98200
1328,8/20/18 10:03,3.2925,3.292,50621700,3.292,86000,3.293,98200
1329,8/20/18 10:03,3.2925,3.293,50631700,3.292,86000,3.293,88200
1330,8/20/18 10:03,3.2925,3.293,50633700,3.292,86000,3.293,89200
1331,8/20/18 10:03,3.2925,3.293,50633700,3.292,86000,3.293,89200
1332,8/20/18 10:03,3.2925,3.293,50634100,3.292,85700,3.293,89100
1333,8/20/18 10:03,3.2925,3.293,50634700,3.292,85600,3.293,88600
1334,8/20/18 10:03,3.2925,3.292,50636800,3.292,83500,3.293,608600
1335,8/20/18 10:03,3.2925,3.292,50636800,3.292,83500,3.293,608600
1336,8/20/18 10:03,3.2925,3.292,50677000,3.292,43300,3.293,608600
1337,8/20/18 10:03,3.2915,3.292,50720300,3.291,57600,3.292,251700
1338,8/20/18 10:03,3.2915,3.292,50726500,3.291,39900,3.292,245700
1339,8/20/18 10:03,3.2915,3.292,50726500,3.291,39900,3.292,264000
1340,8/20/18 10:03,3.2895,3.29,50914600,3.289,161400,3.29,318700
1341,8/20/18 10:03,3.2895,3.29,50914600,3.289,161400,3.29,318700
1342,8/20/18 10:03,3.2895,3.29,50914600,3.289,161400,3.29,318700
1343,8/20/18 10:03,3.2895,3.29,50916400,3.289,161400,3.29,317100
1344,8/20/18 10:03,3.2895,3.29,50927200,3.289,161400,3.29,306300
1345,8/20/18 10:03,3.2895,3.29,50927900,3.289,161400,3.29,305600
1346,8/20/18 10:03,3.2895,3.29,50948600,3.289,61400,3.29,285100
1347,8/20/18 10:03,3.2895,3.29,50948900,3.289,61400,3.29,284800
1348,8/20/18 10:03,3.2905,3.29,51257000,3.29,15500,3.291,35600
1349,8/20/18 10:03,3.2905,3.29,51257000,3.29,15800,3.291,35600
1350,8/20/18 10:03,3.2905,3.291,51285000,3.29,35800,3.291,7600
1351,8/20/18 10:03,3.2905,3.291,51285000,3.29,35800,3.291,7600
1352,8/20/18 10:03,3.2905,3.291,51285000,3.29,35800,3.291,7600
1353,8/20/18 10:03,3.2905,3.29,51299600,3.29,21200,3.291,7600
1354,8/20/18 10:03,3.2905,3.29,51326800,3.29,55600,3.291,7600
1355,8/20/18 10:03,3.2905,3.29,51342800,3.29,358300,3.291,7600
1356,8/20/18 10:03,3.2905,3.29,51342800,3.29,359300,3.291,7600
1357,8/20/18 10:03,3.2905,3.29,51342800,3.29,40600,3.291,7600
1358,8/20/18 10:03,3.2905,3.29,51372500,3.29,10900,3.291,7600
1359,8/20/18 10:03,3.2905,3.291,51373500,3.29,10900,3.291,6600
1360,8/20/18 10:04,3.2905,3.29,51376700,3.29,17700,3.291,506600
1361,8/20/18 10:04,3.2905,3.29,51376800,3.29,17600,3.291,506600
1362,8/20/18 10:04,3.2905,3.291,51379500,3.29,37600,3.291,503900
1363,8/20/18 10:04,3.2905,3.291,51379500,3.29,37600,3.291,503900
1364,8/20/18 10:04,3.2905,3.291,51402700,3.29,47700,3.291,480700
1365,8/20/18 10:04,3.2895,3.29,51450400,3.289,670600,3.29,152300
1366,8/20/18 10:04,3.2895,3.29,51508500,3.289,670600,3.29,94400
1367,8/20/18 10:04,3.2895,3.29,51508500,3.289,670600,3.29,94400
1368,8/20/18 10:04,3.2895,3.29,51509700,3.289,70600,3.29,93500
1369,8/20/18 10:04,3.2895,3.29,51509700,3.289,670600,3.29,93500
1370,8/20/18 10:04,3.2905,3.291,51819900,3.29,600,3.291,264100
1371,8/20/18 10:04,3.2905,3.291,51819900,3.29,303800,3.291,264100
1372,8/20/18 10:04,3.2905,3.289,51826700,3.29,300,3.291,264100
1373,8/20/18 10:04,3.2905,3.289,51826700,3.29,300,3.291,264100
1374,8/20/18 10:04,3.29,3.289,51846900,3.289,349000,3.291,264100
1375,8/20/18 10:04,3.2905,3.289,51846900,3.29,1100,3.291,264100
1376,8/20/18 10:04,3.2905,3.29,51847100,3.29,900,3.291,264100
1377,8/20/18 10:04,3.2905,3.29,51847200,3.29,800,3.291,264100
1378,8/20/18 10:04,3.2905,3.29,51847400,3.29,905600,3.291,264100
1379,8/20/18 10:04,3.2905,3.291,51847500,3.29,905600,3.291,264000
1380,8/20/18 10:04,3.292,3.291,52111500,3.291,636300,3.293,310400
1381,8/20/18 10:04,3.292,3.291,52111500,3.291,1236300,3.293,310400
1382,8/20/18 10:04,3.292,3.293,52121500,3.291,1256300,3.293,300400
1383,8/20/18 10:04,3.2925,3.293,52121500,3.292,1200,3.293,300400
1384,8/20/18 10:04,3.2935,3.293,52432200,3.293,589600,3.294,106000
1385,8/20/18 10:04,3.2935,3.294,52432300,3.293,589600,3.294,105900
1386,8/20/18 10:04,3.2935,3.294,52432300,3.293,589600,3.294,105900
1387,8/20/18 10:04,3.2935,3.293,52433200,3.293,588700,3.294,105900
1388,8/20/18 10:04,3.293,3.293,52579600,3.292,44800,3.294,105900
1389,8/20/18 10:04,3.293,3.293,52579600,3.292,44800,3.294,105900
1390,8/20/18 10:04,3.293,3.292,52599600,3.292,24800,3.294,105900
1391,8/20/18 10:04,3.293,3.292,52599600,3.292,24800,3.294,105900
1392,8/20/18 10:04,3.2925,3.294,52619700,3.291,21400,3.294,85900
1393,8/20/18 10:04,3.2925,3.291,52619800,3.291,22300,3.294,85900
1394,8/20/18 10:04,3.2925,3.291,52619800,3.291,22300,3.294,85900
1395,8/20/18 10:04,3.2925,3.291,52619800,3.291,22300,3.294,85900
1396,8/20/18 10:04,3.2925,3.291,52619800,3.291,22300,3.294,85900
1397,8/20/18 10:04,3.2925,3.291,52619800,3.291,22300,3.294,85900
1398,8/20/18 10:04,3.293,3.291,52619800,3.292,13000,3.294,115900
1399,8/20/18 10:04,3.293,3.292,52619900,3.292,12900,3.294,115900
1400,8/20/18 10:05,3.293,3.294,52624000,3.292,12900,3.294,111800
1401,8/20/18 10:05,3.293,3.294,52624000,3.292,12900,3.294,111800
1402,8/20/18 10:05,3.293,3.294,52624000,3.292,12900,3.294,111800
1403,8/20/18 10:05,3.293,3.294,52624000,3.292,12900,3.294,111800
1404,8/20/18 10:05,3.293,3.294,52624000,3.292,12900,3.294,111800
1405,8/20/18 10:05,3.293,3.294,52624000,3.292,12900,3.294,111800
1406,8/20/18 10:05,3.2925,3.292,52624100,3.292,12800,3.293,500000
1407,8/20/18 10:05,3.2925,3.292,52624200,3.292,12700,3.293,501500
1408,8/20/18 10:05,3.2925,3.292,52624200,3.292,12700,3.293,501500
1409,8/20/18 10:05,3.2925,3.292,52624200,3.292,13700,3.293,501500
1410,8/20/18 10:05,3.291,3.292,52668200,3.29,23800,3.292,33700
1411,8/20/18 10:05,3.291,3.292,52668200,3.29,23800,3.292,33700
1412,8/20/18 10:05,3.2905,3.292,52668700,3.29,23800,3.291,40000
1413,8/20/18 10:05,3.2895,3.29,52692500,3.289,954000,3.29,16200
1414,8/20/18 10:05,3.2895,3.289,52692600,3.289,952400,3.29,17700
1415,8/20/18 10:05,3.2895,3.289,52692600,3.289,952400,3.29,17700
1416,8/20/18 10:05,3.2895,3.29,52693100,3.289,52400,3.29,17700
1417,8/20/18 10:05,3.2895,3.29,52694500,3.289,52400,3.29,16300
1418,8/20/18 10:05,3.2895,3.29,52698900,3.289,52400,3.29,11900
1419,8/20/18 10:05,3.2895,3.29,52699900,3.289,52400,3.29,10900
1420,8/20/18 10:05,3.2895,3.289,52750000,3.289,2300,3.29,10900
1421,8/20/18 10:05,3.2895,3.289,52751100,3.289,2100,3.29,9500
1422,8/20/18 10:05,3.2895,3.289,52781600,3.289,600,3.29,99700
1423,8/20/18 10:05,3.2895,3.29,52784600,3.289,600,3.29,96700
1424,8/20/18 10:05,3.2895,3.29,52784600,3.289,600,3.29,96700
1425,8/20/18 10:05,3.2895,3.29,52784600,3.289,600,3.29,96700
1426,8/20/18 10:05,3.2895,3.29,52799600,3.289,600,3.29,81700
1427,8/20/18 10:05,3.2895,3.29,52799600,3.289,600,3.29,81700
1428,8/20/18 10:05,3.2895,3.289,52799700,3.289,500,3.29,126700
1429,8/20/18 10:05,3.2895,3.289,52799700,3.289,500,3.29,126700
1430,8/20/18 10:05,3.2895,3.29,52800300,3.289,19500,3.29,126100
1431,8/20/18 10:05,3.2895,3.29,52801000,3.289,19500,3.29,125400
1432,8/20/18 10:05,3.2895,3.289,52822600,3.289,500,3.29,124800
1433,8/20/18 10:05,3.2895,3.29,52823200,3.289,25900,3.29,124200
1434,8/20/18 10:05,3.2895,3.29,52823200,3.289,25900,3.29,124200
1435,8/20/18 10:05,3.2895,3.29,52823800,3.289,29000,3.29,123700
1436,8/20/18 10:05,3.2895,3.29,52823800,3.289,29000,3.29,123700
1437,8/20/18 10:05,3.2895,3.29,52823800,3.289,29000,3.29,123700
1438,8/20/18 10:05,3.2895,3.289,52824300,3.289,28500,3.29,123700
1439,8/20/18 10:06,3.2895,3.289,52824300,3.289,28500,3.29,123700
1440,8/20/18 10:06,3.2895,3.289,52824300,3.289,28500,3.29,123700
1441,8/20/18 10:06,3.2895,3.289,52824300,3.289,4700,3.29,123700
1442,8/20/18 10:06,3.2895,3.289,52824400,3.289,4600,3.29,123700
1443,8/20/18 10:06,3.2895,3.289,52824400,3.289,4600,3.29,123700
1444,8/20/18 10:06,3.2895,3.289,52824400,3.289,4600,3.29,123700
1445,8/20/18 10:06,3.2885,3.289,52829000,3.288,181200,3.289,15400
1446,8/20/18 10:06,3.2885,3.289,52829000,3.288,211200,3.289,21700
1447,8/20/18 10:06,3.2885,3.289,52829000,3.288,211200,3.289,21700
1448,8/20/18 10:06,3.2885,3.289,52829000,3.288,211200,3.289,21700
1449,8/20/18 10:06,3.2885,3.288,52829100,3.288,211100,3.289,21700
1450,8/20/18 10:06,3.2885,3.288,52829100,3.288,211100,3.289,21700
1451,8/20/18 10:06,3.2885,3.289,52831100,3.288,211100,3.289,19700
1452,8/20/18 10:06,3.2885,3.289,52841600,3.288,211100,3.289,29200
1453,8/20/18 10:06,3.2895,3.289,52870800,3.289,178700,3.29,78700
1454,8/20/18 10:06,3.2895,3.289,52870800,3.289,178700,3.29,78700
1455,8/20/18 10:06,3.2905,3.29,52949500,3.29,47500,3.291,30000
1456,8/20/18 10:06,3.2905,3.29,52949500,3.29,47500,3.291,30000
1457,8/20/18 10:06,3.2905,3.29,52949600,3.29,47400,3.291,30000
1458,8/20/18 10:06,3.2905,3.29,52949600,3.29,47400,3.291,30000
1459,8/20/18 10:06,3.2905,3.29,52949600,3.29,47400,3.291,30000
1460,8/20/18 10:06,3.2905,3.29,52950200,3.29,48800,3.291,30000
1461,8/20/18 10:06,3.2905,3.291,52999200,3.29,19800,3.291,10000
1462,8/20/18 10:06,3.2905,3.291,52999200,3.29,2000,3.291,10000
1463,8/20/18 10:06,3.2905,3.291,52999200,3.29,2000,3.291,10000
1464,8/20/18 10:06,3.2905,3.29,52999300,3.29,1900,3.291,10000
1465,8/20/18 10:06,3.2905,3.29,52999300,3.29,1900,3.291,10000
1466,8/20/18 10:06,3.2905,3.291,53001300,3.29,21900,3.291,8000
1467,8/20/18 10:06,3.2905,3.291,53001300,3.29,21900,3.291,8000
1468,8/20/18 10:06,3.2905,3.291,53001300,3.29,21900,3.291,8000
1469,8/20/18 10:06,3.2905,3.291,53001300,3.29,24100,3.291,8000
1470,8/20/18 10:06,3.2905,3.291,53001300,3.29,24100,3.291,8000
1471,8/20/18 10:06,3.2905,3.29,53001400,3.29,24000,3.291,8000
1472,8/20/18 10:06,3.2905,3.29,53001400,3.29,24000,3.291,8000
1473,8/20/18 10:06,3.2905,3.29,53001400,3.29,24200,3.291,8000
1474,8/20/18 10:06,3.2905,3.29,53001400,3.29,24200,3.291,8000
1475,8/20/18 10:06,3.2905,3.29,53008100,3.29,17500,3.291,8000
1476,8/20/18 10:06,3.2905,3.29,53008100,3.29,17500,3.291,8200
1477,8/20/18 10:06,3.2905,3.29,53009200,3.29,16400,3.291,8800
1478,8/20/18 10:06,3.2905,3.29,53009200,3.29,18400,3.291,8800
1479,8/20/18 10:07,3.2905,3.29,53009300,3.29,23600,3.291,8800
1480,8/20/18 10:07,3.2905,3.29,53009300,3.29,23600,3.291,8800
1481,8/20/18 10:07,3.2905,3.29,53009300,3.29,43600,3.291,8800
1482,8/20/18 10:07,3.2905,3.29,53009300,3.29,43600,3.291,8800
1483,8/20/18 10:07,3.2905,3.29,53009300,3.29,43600,3.291,8800
1484,8/20/18 10:07,3.2905,3.29,53009300,3.29,43600,3.291,8800
1485,8/20/18 10:07,3.2905,3.29,53009300,3.29,43600,3.291,8800
1486,8/20/18 10:07,3.2905,3.29,53009400,3.29,43500,3.291,8800
1487,8/20/18 10:07,3.2905,3.291,53013300,3.29,41700,3.291,20300
1488,8/20/18 10:07,3.2905,3.291,53013300,3.29,41700,3.291,20300
1489,8/20/18 10:07,3.2925,3.291,53036300,3.291,3800,3.294,128400
1490,8/20/18 10:07,3.2925,3.291,53036300,3.291,3800,3.294,128400
1491,8/20/18 10:07,3.2925,3.291,53036300,3.291,204700,3.294,128400
1492,8/20/18 10:07,3.2925,3.291,53036300,3.291,204700,3.294,128400
1493,8/20/18 10:07,3.2925,3.291,53036400,3.291,204600,3.294,128400
1494,8/20/18 10:07,3.2925,3.291,53036400,3.291,207600,3.294,128400
1495,8/20/18 10:07,3.2935,3.294,53036600,3.293,300000,3.294,128200
1496,8/20/18 10:07,3.2935,3.294,53054400,3.293,600000,3.294,110400
1497,8/20/18 10:07,3.2945,3.294,53164800,3.294,189600,3.295,24000
1498,8/20/18 10:07,3.2955,3.296,53188900,3.295,576000,3.296,104900
1499,8/20/18 10:07,3.2955,3.296,53188900,3.295,300000,3.296,104900
1500,8/20/18 10:07,3.2955,3.296,53188900,3.295,100000,3.296,104900
1501,8/20/18 10:07,3.2955,3.295,53189000,3.295,99900,3.296,104900
1502,8/20/18 10:07,3.2955,3.295,53189000,3.295,99900,3.296,104900
1503,8/20/18 10:07,3.2955,3.295,53199000,3.295,89900,3.296,104900
1504,8/20/18 10:07,3.2955,3.295,53199000,3.295,89900,3.296,104900
1505,8/20/18 10:07,3.2955,3.295,53207800,3.295,81100,3.296,104900
1506,8/20/18 10:07,3.2955,3.295,53207800,3.295,381100,3.296,104900
1507,8/20/18 10:07,3.2955,3.296,53212600,3.295,80000,3.296,101200
1508,8/20/18 10:07,3.2955,3.296,53212600,3.295,80000,3.296,101200
1509,8/20/18 10:07,3.2955,3.295,53280800,3.295,61900,3.296,51100
1510,8/20/18 10:07,3.2965,3.296,53336700,3.296,9100,3.297,62100
1511,8/20/18 10:07,3.2965,3.296,53336700,3.296,10500,3.297,62100
1512,8/20/18 10:07,3.2965,3.296,53336700,3.296,10500,3.297,62100
1513,8/20/18 10:07,3.2965,3.297,53373000,3.296,10500,3.297,25800
1514,8/20/18 10:07,3.2965,3.297,53373000,3.296,10500,3.297,25800
1515,8/20/18 10:07,3.2965,3.297,53373000,3.296,13500,3.297,25800
1516,8/20/18 10:07,3.2965,3.296,53373100,3.296,13400,3.297,25800
1517,8/20/18 10:07,3.2965,3.296,53373100,3.296,15900,3.297,28800
1518,8/20/18 10:07,3.2965,3.297,53374800,3.296,15900,3.297,27100
1519,8/20/18 10:08,3.2965,3.297,53374800,3.296,15900,3.297,27100
1520,8/20/18 10:08,3.2965,3.297,53383300,3.296,15900,3.297,18600
1521,8/20/18 10:08,3.2965,3.297,53383300,3.296,15900,3.297,18600
1522,8/20/18 10:08,3.2965,3.296,53393500,3.296,5700,3.297,18600
1523,8/20/18 10:08,3.2955,3.296,53399200,3.295,57100,3.296,294400
1524,8/20/18 10:08,3.2955,3.296,53399200,3.295,57100,3.296,294400
1525,8/20/18 10:08,3.2955,3.296,53426400,3.295,57100,3.296,272100
1526,8/20/18 10:08,3.2955,3.296,53426400,3.295,57100,3.296,4900
1527,8/20/18 10:08,3.2955,3.296,53426400,3.295,57100,3.296,6000
1528,8/20/18 10:08,3.2955,3.296,53426400,3.295,57100,3.296,6000
1529,8/20/18 10:08,3.2955,3.296,53426400,3.295,57100,3.296,306000
1530,8/20/18 10:08,3.2955,3.296,53452400,3.295,57100,3.296,280000
1531,8/20/18 10:08,3.2945,3.295,53513500,3.294,11000,3.295,239000
1532,8/20/18 10:08,3.2945,3.295,53513500,3.294,11000,3.295,239000
1533,8/20/18 10:08,3.295,3.295,53513500,3.294,11000,3.296,388000
1534,8/20/18 10:08,3.295,3.295,53513500,3.294,11000,3.296,88000
1535,8/20/18 10:08,3.295,3.295,53513500,3.294,11000,3.296,388000
1536,8/20/18 10:08,3.295,3.295,53513500,3.294,11000,3.296,388000
1537,8/20/18 10:08,3.295,3.296,53524500,3.294,11000,3.296,377000
1538,8/20/18 10:08,3.2955,3.294,53524600,3.295,20000,3.296,377000
1539,8/20/18 10:08,3.2955,3.295,53568700,3.295,17000,3.296,335900
1540,8/20/18 10:08,3.2955,3.295,53568700,3.295,17000,3.296,335900
1541,8/20/18 10:08,3.2955,3.295,53568700,3.295,17000,3.296,335900
1542,8/20/18 10:08,3.2965,3.296,53904600,3.296,564100,3.297,321000
1543,8/20/18 10:08,3.2965,3.296,53909900,3.296,558800,3.297,21000
1544,8/20/18 10:08,3.2965,3.296,53909900,3.296,558800,3.297,21000
1545,8/20/18 10:08,3.2965,3.296,53910000,3.296,569700,3.297,21000
1546,8/20/18 10:08,3.2965,3.296,53910000,3.296,569700,3.297,21000
1547,8/20/18 10:08,3.2965,3.297,53913000,3.296,569700,3.297,18000
1548,8/20/18 10:08,3.2965,3.297,53913000,3.296,569700,3.297,18000
1549,8/20/18 10:08,3.2965,3.297,53916000,3.296,569700,3.297,15000
1550,8/20/18 10:08,3.2965,3.297,53916000,3.296,569700,3.297,15000
1551,8/20/18 10:08,3.2965,3.297,53916000,3.296,569700,3.297,15000
1552,8/20/18 10:08,3.2965,3.297,53916000,3.296,569700,3.297,15000
1553,8/20/18 10:08,3.2965,3.297,53917600,3.296,569600,3.297,13500
1554,8/20/18 10:08,3.2975,3.298,53935600,3.297,5000,3.298,11500
1555,8/20/18 10:08,3.2975,3.298,53935600,3.297,5700,3.298,11500
1556,8/20/18 10:08,3.2975,3.298,53935600,3.297,5700,3.298,11500
1557,8/20/18 10:08,3.2975,3.298,53935600,3.297,46100,3.298,11500
1558,8/20/18 10:08,3.2975,3.298,53935600,3.297,46100,3.298,11500
1559,8/20/18 10:09,3.2975,3.298,53935600,3.297,58900,3.298,11500
1560,8/20/18 10:09,3.2975,3.297,53935700,3.297,58800,3.298,11500
1561,8/20/18 10:09,3.2975,3.297,53945900,3.297,58500,3.298,6500
1562,8/20/18 10:09,3.2975,3.297,53945900,3.297,58500,3.298,6500
1563,8/20/18 10:09,3.2985,3.298,53952400,3.298,3500,3.299,103200
1564,8/20/18 10:09,3.2985,3.298,53952400,3.298,3500,3.299,103200
1565,8/20/18 10:09,3.2985,3.298,53952800,3.298,3100,3.299,103200
1566,8/20/18 10:09,3.2985,3.298,53952800,3.298,3100,3.299,103200
1567,8/20/18 10:09,3.2975,3.298,53959900,3.297,58500,3.298,2000
1568,8/20/18 10:09,3.2975,3.298,53959900,3.297,58500,3.298,2000
1569,8/20/18 10:09,3.2985,3.298,53961900,3.298,400,3.299,99200
1570,8/20/18 10:09,3.2985,3.298,53961900,3.298,400,3.299,99200
1571,8/20/18 10:09,3.2975,3.298,53962300,3.297,23500,3.298,6200
1572,8/20/18 10:09,3.2975,3.298,53962300,3.297,23500,3.298,6200
1573,8/20/18 10:09,3.2975,3.298,53962400,3.297,23500,3.298,6100
1574,8/20/18 10:09,3.2975,3.298,53962400,3.297,23500,3.298,6100
1575,8/20/18 10:09,3.2975,3.298,53963000,3.297,23400,3.298,5600
1576,8/20/18 10:09,3.2975,3.298,53963000,3.297,23400,3.298,5600
1577,8/20/18 10:09,3.2975,3.298,53964600,3.297,22300,3.298,5100
1578,8/20/18 10:09,3.2985,3.298,53969700,3.298,4900,3.299,99400
1579,8/20/18 10:09,3.2985,3.298,53969700,3.298,4900,3.299,99400
1580,8/20/18 10:09,3.2985,3.298,53969700,3.298,4900,3.299,99400
1581,8/20/18 10:09,3.2985,3.299,53978900,3.298,2700,3.299,102400
1582,8/20/18 10:09,3.2985,3.299,53982000,3.298,2600,3.299,99400
1583,8/20/18 10:09,3.2985,3.299,53982000,3.298,2600,3.299,99400
